
  <record>
    <datafield tag="035" ind1="" ind2="">
      <subfield code="a">R007914534</subfield>
    </datafield>
    <datafield tag="041" ind1="" ind2="">
      <subfield code="a">ger</subfield>
    </datafield>
    <datafield tag="080" ind1="" ind2="">
      <subfield code="a">33</subfield>
    </datafield>
    <datafield tag="245" ind1="" ind2="">
      <subfield code="a">Schweizer Entwicklungszusammenarbeit im Hindukusch (Afghanistan)</subfield>
      <subfield code="9">ger</subfield>
    </datafield>
    <datafield tag="260" ind1="" ind2="">
      <subfield code="a">Bern</subfield>
      <subfield code="c">2014</subfield>
      <subfield code="b">DEZA</subfield>
    </datafield>
    <datafield tag="300" ind1="" ind2="">
      <subfield code="a">1 flyer</subfield>
    </datafield>
    <datafield tag="490" ind1="" ind2="">
      <subfield code="a">Länder Factsheet</subfield>
    </datafield>
    <datafield tag="500" ind1="" ind2="">
      <subfield code="a">Cofinancé par la DDC
Existe aussi en français et anglais</subfield>
    </datafield>
    <datafield tag="710" ind1="" ind2="">
      <subfield code="a">Suisse. Direction du développement et de la coopération</subfield>
    </datafield>
    <datafield tag="919" ind1="" ind2="">
      <subfield code="a">Institut de hautes études internationales et du développement</subfield>
      <subfield code="b">Genève</subfield>
      <subfield code="d">doc.support@rero.ch</subfield>
    </datafield>
    <datafield tag="980" ind1="" ind2="">
      <subfield code="a">BOOK</subfield>
      <subfield code="b">IHEID</subfield>
    </datafield>
    <datafield tag="982" ind1="" ind2="">
      <subfield code="a">SDC Deposit Library</subfield>
    </datafield>
    <datafield tag="990" ind1="" ind2="">
      <subfield code="a">20141023142042-TI</subfield>
    </datafield>
    <datafield tag="FFT" ind1="" ind2="">
      <subfield code="a">/Users/marietho/Devel/Virtualenvs/rerodoc/src/rerodoc/rerodoc/testsuite/data/record/232584/files/08-Factsheet_Afghanistan_DE_140625.pdf</subfield>
      <subfield code="r"></subfield>
      <subfield code="d">Texte intégral</subfield>
      <subfield code="z">order:1</subfield>
      <subfield code="n">08-Factsheet_Afghanistan_DE_140625.pdf</subfield>
    </datafield>
  </record>