
  <record>
    <datafield tag="035" ind1="" ind2="">
      <subfield code="a">R007913708</subfield>
    </datafield>
    <datafield tag="041" ind1="" ind2="">
      <subfield code="a">spa</subfield>
    </datafield>
    <datafield tag="080" ind1="" ind2="">
      <subfield code="a">33</subfield>
    </datafield>
    <datafield tag="100" ind1="" ind2="">
      <subfield code="a">Vanderschaeghe, Mieke</subfield>
    </datafield>
    <datafield tag="245" ind1="" ind2="">
      <subfield code="a">Caja de herramientas</subfield>
      <subfield code="9">spa</subfield>
      <subfield code="b">desarrollo económico local con enfoque en cadenas de valor</subfield>
    </datafield>
    <datafield tag="260" ind1="" ind2="">
      <subfield code="a">[S.l.]</subfield>
      <subfield code="c">2013</subfield>
      <subfield code="b">Cooperación Suiza en América Central</subfield>
    </datafield>
    <datafield tag="300" ind1="" ind2="">
      <subfield code="a">100 p.</subfield>
    </datafield>
    <datafield tag="700" ind1="" ind2="">
      <subfield code="a">Kester, Paul</subfield>
    </datafield>
    <datafield tag="710" ind1="" ind2="">
      <subfield code="a">Suisse. Direction du développement et de la coopération. Bureau de la coopération suisse en Amérique Centrale</subfield>
    </datafield>
    <datafield tag="919" ind1="" ind2="">
      <subfield code="a">Institut de hautes études internationales et du développement</subfield>
      <subfield code="b">Genève</subfield>
      <subfield code="d">doc.support@rero.ch</subfield>
    </datafield>
    <datafield tag="980" ind1="" ind2="">
      <subfield code="a">BOOK</subfield>
      <subfield code="b">IHEID</subfield>
    </datafield>
    <datafield tag="982" ind1="" ind2="">
      <subfield code="a">SDC Deposit Library</subfield>
    </datafield>
    <datafield tag="990" ind1="" ind2="">
      <subfield code="a">20141023134327-FQ</subfield>
    </datafield>
    <datafield tag="FFT" ind1="" ind2="">
      <subfield code="a">/Users/marietho/Devel/Virtualenvs/rerodoc/src/rerodoc/rerodoc/testsuite/data/record/232583/files/04-COSUDE_Caja_de_Herramientas_Desarrollo_economico_local_2013.pdf</subfield>
      <subfield code="r"></subfield>
      <subfield code="d">Texte intégral</subfield>
      <subfield code="z">order:1</subfield>
      <subfield code="n">04-COSUDE_Caja_de_Herramientas_Desarrollo_economico_local_2013.pdf</subfield>
    </datafield>
  </record>