
  <record>
    <datafield tag="041" ind1="" ind2="">
      <subfield code="a">ger</subfield>
    </datafield>
    <datafield tag="080" ind1="" ind2="">
      <subfield code="a">370</subfield>
    </datafield>
    <datafield tag="100" ind1="" ind2="">
      <subfield code="a">Hartmann, Erich</subfield>
      <subfield code="u">Université de Fribourg</subfield>
    </datafield>
    <datafield tag="245" ind1="" ind2="">
      <subfield code="a">Wie effektiv sind metaphonologische Vorschultrainings zur LRS-Prävention bei Kindern mit lautsprachlichen Beeinträchtigungen?</subfield>
      <subfield code="9">ger</subfield>
      <subfield code="b">Eine Metaanalyse</subfield>
    </datafield>
    <datafield tag="520" ind1="" ind2="">
      <subfield code="a">The aim of this paper is to synthesize the current scientific knowledge on the effectiveness of preventive metaphonological training for preschool children with language-based risks for reading disability. A comprehensive literature search yielded six controlled intervention studies that were included in a meta-analysis. The results provide evidence that an early training of phonological awareness has positive short and long term effects on the phonemic awareness of children with speechlanguage disorders. In contrast, the effect size for the literacy outcome in grade 1 was not significant, which argues against a substantial transfer effect of early metaphonological training on literacy skills. Following the discussion of these findings, implications for research and practice are outlined.</subfield>
      <subfield code="9">eng</subfield>
    </datafield>
    <datafield tag="520" ind1="" ind2="">
      <subfield code="a">Ziel dieses Beitrags ist es, den derzeitigen wissenschaftlichen Kenntnisstand zur präventiven Wirksamkeit von metaphonologischen Vorschultrainings für Kinder mit sprachbasierten Risiken für Schriftsprachprobleme zu bilanzieren. Aus einer umfassenden Literaturrecherche resultierten sechs kontrollierte Interventionsstudien, die in eine Metaanalyse eingingen. Die Ergebnisse liefern Evidenz dafür, dass ein frühes Training der phonologischen Bewusstheit kurz- und langfristig positive Auswirkungen auf die Phonembewusstheit von lautsprachgestörten Kindern hat. Die Effektstärke für das schriftsprachliche Outcome in der ersten Klasse fiel demgegenüber nicht signifikant aus, was gegen einen relevanten Transfereffekt von frühen metaphonologischen Trainings auf schulische Schriftsprachkompetenzen spricht. Im Anschluss an die Diskussion dieser Befunde werden Implikationen für Forschung und Praxis aufgezeigt.</subfield>
      <subfield code="9">ger</subfield>
    </datafield>
    <datafield tag="695" ind1="" ind2="">
      <subfield code="a">Phonological awareness ; reading disability ; prevention ; language disorder ; speech disorder ; meta-analysis</subfield>
      <subfield code="9">eng</subfield>
    </datafield>
    <datafield tag="695" ind1="" ind2="">
      <subfield code="a">Phonologische Bewusstheit ; Lese-Rechtschreibstörung ; Prävention ; Sprachstörung ; Sprechstörung ; Metaanalyse</subfield>
      <subfield code="9">ger</subfield>
    </datafield>
    <datafield tag="700" ind1="" ind2="">
      <subfield code="a">Studer, Felix</subfield>
      <subfield code="u">Université de Fribourg</subfield>
    </datafield>
    <datafield tag="773" ind1="" ind2="">
      <subfield code="t">Empirische Sonderpädagogik,</subfield>
      <subfield code="g">2013///42-68</subfield>
    </datafield>
    <datafield tag="919" ind1="" ind2="">
      <subfield code="a">Université de Fribourg</subfield>
      <subfield code="b">Fribourg</subfield>
      <subfield code="d">doc.support@rero.ch</subfield>
    </datafield>
    <datafield tag="980" ind1="" ind2="">
      <subfield code="a">POSTPRINT</subfield>
      <subfield code="b">UNIFR</subfield>
      <subfield code="f">ART_JOURNAL</subfield>
    </datafield>
    <datafield tag="990" ind1="" ind2="">
      <subfield code="a">20141023092856-BR</subfield>
    </datafield>
    <datafield tag="FFT" ind1="" ind2="">
      <subfield code="a">/Users/marietho/Devel/Virtualenvs/rerodoc/src/rerodoc/rerodoc/testsuite/data/record/232582/files/Metaanalyse_Hartmann-Studer.pdf</subfield>
      <subfield code="r"></subfield>
      <subfield code="d">Empirische Sonderpädagogik, 2013</subfield>
      <subfield code="z">order:1</subfield>
      <subfield code="n">Metaanalyse_Hartmann-Studer.pdf</subfield>
    </datafield>
  </record>