
  <record>
    <datafield tag="035" ind1="" ind2="">
      <subfield code="a">R215998660</subfield>
    </datafield>
    <datafield tag="041" ind1="" ind2="">
      <subfield code="a">fre</subfield>
    </datafield>
    <datafield tag="080" ind1="" ind2="">
      <subfield code="a">34</subfield>
    </datafield>
    <datafield tag="245" ind1="" ind2="">
      <subfield code="a">Procès de "L'Avant-garde"</subfield>
      <subfield code="9">fre</subfield>
      <subfield code="b">1879</subfield>
    </datafield>
    <datafield tag="260" ind1="" ind2="">
      <subfield code="a">Chaux-de-Fonds :</subfield>
      <subfield code="c">1879</subfield>
      <subfield code="b">A. Spichiger,</subfield>
    </datafield>
    <datafield tag="300" ind1="" ind2="">
      <subfield code="a">62 p.</subfield>
      <subfield code="c">23 cm +</subfield>
    </datafield>
    <datafield tag="500" ind1="" ind2="">
      <subfield code="a">Contient en annexe: "Le Patriote suisse", année 6, no 47,samedi 19 avril 
1879, et "Le Révolté", année 1, no 4, 5 avril 1879, et no 5, 7 mai 1879</subfield>
    </datafield>
    <datafield tag="600" ind1="" ind2="">
      <subfield code="9">630_7</subfield>
      <subfield code="a">&amp;#34;Avant-garde&amp;#34; (presse) - procès -- 1879 -- [document]</subfield>
      <subfield code="2">chrero</subfield>
    </datafield>
    <datafield tag="600" ind1="" ind2="">
      <subfield code="9">650_7</subfield>
      <subfield code="a">anarchisme -- Neuchâtel (Suisse, canton) -- 19e s. (fin) -- [document]</subfield>
      <subfield code="2">chrero</subfield>
    </datafield>
    <datafield tag="919" ind1="" ind2="">
      <subfield code="a">Bibliothèque publique et universitaire de Neuchâtel</subfield>
      <subfield code="b">Neuchâtel</subfield>
      <subfield code="d">doc.support@rero.ch</subfield>
    </datafield>
    <datafield tag="980" ind1="" ind2="">
      <subfield code="a">BOOK</subfield>
      <subfield code="b">BPUNE</subfield>
    </datafield>
    <datafield tag="990" ind1="" ind2="">
      <subfield code="a">20141022152745-DP</subfield>
    </datafield>
    <datafield tag="FFT" ind1="" ind2="">
      <subfield code="a">/Users/marietho/Devel/Virtualenvs/rerodoc/src/rerodoc/rerodoc/testsuite/data/record/232581/files/BPUN_QD4342_leger.pdf</subfield>
      <subfield code="r"></subfield>
      <subfield code="d">Texte intégral</subfield>
      <subfield code="z">order:1</subfield>
      <subfield code="n">BPUN_QD4342_leger.pdf</subfield>
    </datafield>
  </record>