
  <record>
    <datafield tag="035" ind1="" ind2="">
      <subfield code="a">R007907994</subfield>
    </datafield>
    <datafield tag="041" ind1="" ind2="">
      <subfield code="a">fre</subfield>
    </datafield>
    <datafield tag="080" ind1="" ind2="">
      <subfield code="a">3</subfield>
    </datafield>
    <datafield tag="100" ind1="" ind2="">
      <subfield code="a">Graz, Bertrand</subfield>
    </datafield>
    <datafield tag="245" ind1="" ind2="">
      <subfield code="a">Bientraitance</subfield>
      <subfield code="9">fre</subfield>
      <subfield code="b">revue de la littérature et état des lieux</subfield>
    </datafield>
    <datafield tag="250" ind1="" ind2="">
      <subfield code="a">2e éd.</subfield>
    </datafield>
    <datafield tag="260" ind1="" ind2="">
      <subfield code="a">Fribourg :</subfield>
      <subfield code="c">2009</subfield>
      <subfield code="b">Fondation Charlotte Olivier,</subfield>
    </datafield>
    <datafield tag="300" ind1="" ind2="">
      <subfield code="a">1 livre électronique (e-book)</subfield>
    </datafield>
    <datafield tag="500" ind1="" ind2="">
      <subfield code="a">Ressource en ligne consultée le 15.10.2014</subfield>
    </datafield>
    <datafield tag="600" ind1="" ind2="">
      <subfield code="9">650_7</subfield>
      <subfield code="a">Bientraitance</subfield>
      <subfield code="2">rero</subfield>
    </datafield>
    <datafield tag="600" ind1="" ind2="">
      <subfield code="9">650_7</subfield>
      <subfield code="a">Enfants</subfield>
      <subfield code="2">rero</subfield>
    </datafield>
    <datafield tag="600" ind1="" ind2="">
      <subfield code="9">651_7</subfield>
      <subfield code="a">Suisse romande</subfield>
      <subfield code="2">rero</subfield>
    </datafield>
    <datafield tag="600" ind1="" ind2="">
      <subfield code="9">651_7</subfield>
      <subfield code="a">Fribourg (Suisse, canton)</subfield>
      <subfield code="2">rero</subfield>
    </datafield>
    <datafield tag="700" ind1="" ind2="">
      <subfield code="a">Hofner, Marie-Claude</subfield>
    </datafield>
    <datafield tag="919" ind1="" ind2="">
      <subfield code="a">Bibliothèque cantonale et universitaire Fribourg</subfield>
      <subfield code="b">Fribourg</subfield>
      <subfield code="d">doc.support@rero.ch</subfield>
    </datafield>
    <datafield tag="980" ind1="" ind2="">
      <subfield code="a">BOOK</subfield>
      <subfield code="b">BCUFR</subfield>
    </datafield>
    <datafield tag="990" ind1="" ind2="">
      <subfield code="a">20141022150247-KU</subfield>
    </datafield>
    <datafield tag="FFT" ind1="" ind2="">
      <subfield code="a">/Users/marietho/Devel/Virtualenvs/rerodoc/src/rerodoc/rerodoc/testsuite/data/record/232580/files/Bientraitance_revue_litt_09.pdf</subfield>
      <subfield code="r"></subfield>
      <subfield code="d">2009</subfield>
      <subfield code="z">order:1</subfield>
      <subfield code="n">Bientraitance_revue_litt_09.pdf</subfield>
    </datafield>
  </record>