
  <record>
    <datafield tag="035" ind1="" ind2="">
      <subfield code="a">R007906673</subfield>
    </datafield>
    <datafield tag="041" ind1="" ind2="">
      <subfield code="a">ger</subfield>
    </datafield>
    <datafield tag="080" ind1="" ind2="">
      <subfield code="a">3</subfield>
    </datafield>
    <datafield tag="100" ind1="" ind2="">
      <subfield code="a">Puy, Jacqueline de</subfield>
    </datafield>
    <datafield tag="245" ind1="" ind2="">
      <subfield code="a">Arbeit, Pensionierung, Gesundheit</subfield>
      <subfield code="9">ger</subfield>
      <subfield code="b">Literaturreview und Bestandsaufnahme</subfield>
    </datafield>
    <datafield tag="260" ind1="" ind2="">
      <subfield code="a">Fribourg :</subfield>
      <subfield code="c">2014</subfield>
      <subfield code="b">Fondation Charlotte Olivier,</subfield>
    </datafield>
    <datafield tag="300" ind1="" ind2="">
      <subfield code="a">1 e-Book</subfield>
    </datafield>
    <datafield tag="500" ind1="" ind2="">
      <subfield code="a">Übersetzt von: Travail retraite santé</subfield>
    </datafield>
    <datafield tag="600" ind1="" ind2="">
      <subfield code="9">650_7</subfield>
      <subfield code="a">Retraite</subfield>
      <subfield code="2">rero</subfield>
    </datafield>
    <datafield tag="600" ind1="" ind2="">
      <subfield code="9">650_7</subfield>
      <subfield code="a">Travail</subfield>
      <subfield code="2">rero</subfield>
    </datafield>
    <datafield tag="600" ind1="" ind2="">
      <subfield code="9">650_7</subfield>
      <subfield code="a">Santé</subfield>
      <subfield code="2">rero</subfield>
    </datafield>
    <datafield tag="600" ind1="" ind2="">
      <subfield code="9">650_7</subfield>
      <subfield code="a">Qualité de la vie</subfield>
      <subfield code="2">rero</subfield>
    </datafield>
    <datafield tag="600" ind1="" ind2="">
      <subfield code="9">650_7</subfield>
      <subfield code="a">Âge de la retraite</subfield>
      <subfield code="2">rero</subfield>
    </datafield>
    <datafield tag="600" ind1="" ind2="">
      <subfield code="9">651_7</subfield>
      <subfield code="a">Suisse</subfield>
      <subfield code="2">rero</subfield>
    </datafield>
    <datafield tag="700" ind1="" ind2="">
      <subfield code="a">Hofner, Marie-Claude</subfield>
    </datafield>
    <datafield tag="919" ind1="" ind2="">
      <subfield code="a">Bibliothèque cantonale et universitaire Fribourg</subfield>
      <subfield code="b">Fribourg</subfield>
      <subfield code="d">doc.support@rero.ch</subfield>
    </datafield>
    <datafield tag="980" ind1="" ind2="">
      <subfield code="a">BOOK</subfield>
      <subfield code="b">BCUFR</subfield>
    </datafield>
    <datafield tag="990" ind1="" ind2="">
      <subfield code="a">20141022145356-DF</subfield>
    </datafield>
    <datafield tag="FFT" ind1="" ind2="">
      <subfield code="a">/Users/marietho/Devel/Virtualenvs/rerodoc/src/rerodoc/rerodoc/testsuite/data/record/232578/files/Broschuere_APG.pdf</subfield>
      <subfield code="r"></subfield>
      <subfield code="d">2014</subfield>
      <subfield code="z">order:1</subfield>
      <subfield code="n">Broschuere_APG.pdf</subfield>
    </datafield>
  </record>