
  <record>
    <datafield tag="041" ind1="" ind2="">
      <subfield code="a">fre</subfield>
    </datafield>
    <datafield tag="080" ind1="" ind2="">
      <subfield code="a">34</subfield>
    </datafield>
    <datafield tag="100" ind1="" ind2="">
      <subfield code="a">Queloz, Nicolas</subfield>
      <subfield code="u">Université de Fribourg</subfield>
    </datafield>
    <datafield tag="245" ind1="" ind2="">
      <subfield code="a">Représentations et place des personnes victimes dans la justice pénale</subfield>
      <subfield code="9">fre</subfield>
      <subfield code="b">Evolutions de la victimologie et de l’aide aux victimes</subfield>
    </datafield>
    <datafield tag="773" ind1="" ind2="">
      <subfield code="t">Revue Pénale Suisse (RPS) = Schweizerische Zeitschrift für Strafrecht (ZStrR)</subfield>
      <subfield code="g">2013///426‐444</subfield>
    </datafield>
    <datafield tag="918" ind1="" ind2="">
      <subfield code="a">Faculté de droit</subfield>
      <subfield code="b">Décanat, Av. de l'Europe 20, 1700 Fribourg</subfield>
    </datafield>
    <datafield tag="919" ind1="" ind2="">
      <subfield code="a">Université de Fribourg</subfield>
      <subfield code="b">Fribourg</subfield>
      <subfield code="d">doc.support@rero.ch</subfield>
    </datafield>
    <datafield tag="980" ind1="" ind2="">
      <subfield code="a">POSTPRINT</subfield>
      <subfield code="b">UNIFR</subfield>
      <subfield code="f">ART_JOURNAL</subfield>
    </datafield>
    <datafield tag="990" ind1="" ind2="">
      <subfield code="a">20141022141302-GS</subfield>
    </datafield>
    <datafield tag="FFT" ind1="" ind2="">
      <subfield code="a">/Users/marietho/Devel/Virtualenvs/rerodoc/src/rerodoc/rerodoc/testsuite/data/record/232577/files/6-RPS-NQueloz-Texte_VICTIMES.pdf</subfield>
      <subfield code="r"></subfield>
      <subfield code="d">RPS 2013</subfield>
      <subfield code="z">order:1</subfield>
      <subfield code="n">6-RPS-NQueloz-Texte_VICTIMES.pdf</subfield>
    </datafield>
  </record>