
  <record>
    <datafield tag="041" ind1="" ind2="">
      <subfield code="a">fre</subfield>
    </datafield>
    <datafield tag="080" ind1="" ind2="">
      <subfield code="a">34</subfield>
    </datafield>
    <datafield tag="100" ind1="" ind2="">
      <subfield code="a">Queloz, Nicolas</subfield>
      <subfield code="u">Université de Fribourg</subfield>
    </datafield>
    <datafield tag="245" ind1="" ind2="">
      <subfield code="a">Quand la politique pénale est de plus en plus gouvernée par le populisme :</subfield>
      <subfield code="9">fre</subfield>
      <subfield code="b">inquiétudes d’un pénaliste</subfield>
    </datafield>
    <datafield tag="520" ind1="" ind2="">
      <subfield code="a">Wenn Strafrechtspolitik zunehmend vom Populismus beherrscht wird: Besorgnisse eines Strafrechtlers Ziel dieses Beitrags ist es, verschiedene Beispiele in der jüngsten Gesetzgebung und Rechtsprechung zu untersuchen. Sie führen den konkreten Einfluss des populistischen Drucks auf die aktuelle schweizerische Strafrechtspolitik vor Augen. Diese populistische Abdrift ist mit dem Kontext der Verschlechterung der demokratischen Debatte und des starken Sicherheitswahns verbunden. Sie gefährdet den Grundsatz der ultima ratio des Strafrechts, und verbreitet die Illusion, dass dieses alle Probleme der Gesellschaft lösen könnte.</subfield>
      <subfield code="9">ger</subfield>
    </datafield>
    <datafield tag="773" ind1="" ind2="">
      <subfield code="t">Revue Fribourgeoise de Jurisprudence (RJF) = Freiburger Zeitschrift für Rechtsprechung (FZR)</subfield>
      <subfield code="g">2013///103-122</subfield>
    </datafield>
    <datafield tag="918" ind1="" ind2="">
      <subfield code="a">Faculté de droit</subfield>
      <subfield code="b">Décanat, Av. de l'Europe 20, 1700 Fribourg</subfield>
    </datafield>
    <datafield tag="919" ind1="" ind2="">
      <subfield code="a">Université de Fribourg</subfield>
      <subfield code="b">Fribourg</subfield>
      <subfield code="d">doc.support@rero.ch</subfield>
    </datafield>
    <datafield tag="980" ind1="" ind2="">
      <subfield code="a">POSTPRINT</subfield>
      <subfield code="b">UNIFR</subfield>
      <subfield code="f">ART_JOURNAL</subfield>
    </datafield>
    <datafield tag="990" ind1="" ind2="">
      <subfield code="a">20141022140802-TK</subfield>
    </datafield>
    <datafield tag="FFT" ind1="" ind2="">
      <subfield code="a">/Users/marietho/Devel/Virtualenvs/rerodoc/src/rerodoc/rerodoc/testsuite/data/record/232576/files/5-RFJ-Texte_NQUELOZ.pdf</subfield>
      <subfield code="r"></subfield>
      <subfield code="d">RFJ 2013</subfield>
      <subfield code="z">order:1</subfield>
      <subfield code="n">5-RFJ-Texte_NQUELOZ.pdf</subfield>
    </datafield>
  </record>