
  <record>
    <datafield tag="041" ind1="" ind2="">
      <subfield code="a">eng</subfield>
    </datafield>
    <datafield tag="080" ind1="" ind2="">
      <subfield code="a">34</subfield>
    </datafield>
    <datafield tag="100" ind1="" ind2="">
      <subfield code="a">Puinei, Mădălina Cristina</subfield>
      <subfield code="u">University of Craiova, Romania</subfield>
    </datafield>
    <datafield tag="245" ind1="" ind2="">
      <subfield code="a">Historical decision or dangerous precedent ?</subfield>
      <subfield code="9">eng</subfield>
      <subfield code="b">criminal sentencing of the national italian commission experts with "major risks"</subfield>
    </datafield>
    <datafield tag="520" ind1="" ind2="">
      <subfield code="a">In October 2012, the Criminal Court of Aquila (Italy) convicted the seven experts of the Commissione nazionale per la previsione e la prevenzione dei grandi rischi, following the earthquake that took place on 6 April 2009 in the Aquila city and region, resulting in the death and injury of several persons. The authors propose a synthesis of this large-scale judgment – whose core is given by the analysis of the causal link – as well as a critical review of the sentence, which they describe as "a historical decision" and "a dangerous precedent". The object of this (short) review is the decision of the Criminal Court of Aquila dating from 22 October 2012 (the first instance), which contains 943 pages and regards the criminal liability of the seven experts of the Commissione nazionale per la previsione e la prevenzione dei grandi rischi, in the context of the earthquake occurring on 6 April 6 2009, strongly affecting the city of Aquila and the surrounding region.</subfield>
      <subfield code="9">eng</subfield>
    </datafield>
    <datafield tag="695" ind1="" ind2="">
      <subfield code="a">criminal liability ; criminal conviction of experts ; causal link ; seismic risk
assessment ; information of the public</subfield>
      <subfield code="9">eng</subfield>
    </datafield>
    <datafield tag="700" ind1="" ind2="">
      <subfield code="a">Queloz, Nicolas</subfield>
      <subfield code="u">Université de Fribourg</subfield>
    </datafield>
    <datafield tag="773" ind1="" ind2="">
      <subfield code="t">Law Review</subfield>
      <subfield code="g">2014///63-73</subfield>
    </datafield>
    <datafield tag="918" ind1="" ind2="">
      <subfield code="a">Faculté de droit</subfield>
      <subfield code="b">Décanat, Av. de l'Europe 20, 1700 Fribourg</subfield>
    </datafield>
    <datafield tag="919" ind1="" ind2="">
      <subfield code="a">Université de Fribourg</subfield>
      <subfield code="b">Fribourg</subfield>
      <subfield code="d">doc.support@rero.ch</subfield>
    </datafield>
    <datafield tag="980" ind1="" ind2="">
      <subfield code="a">POSTPRINT</subfield>
      <subfield code="b">UNIFR</subfield>
      <subfield code="f">ART_JOURNAL</subfield>
    </datafield>
    <datafield tag="990" ind1="" ind2="">
      <subfield code="a">20141022140050-CP</subfield>
    </datafield>
    <datafield tag="FFT" ind1="" ind2="">
      <subfield code="a">/Users/marietho/Devel/Virtualenvs/rerodoc/src/rerodoc/rerodoc/testsuite/data/record/232575/files/4-International_Law_Review.pdf</subfield>
      <subfield code="r"></subfield>
      <subfield code="d">Law Review 2014</subfield>
      <subfield code="z">order:1</subfield>
      <subfield code="n">4-International_Law_Review.pdf</subfield>
    </datafield>
  </record>