
  <record>
    <datafield tag="041" ind1="" ind2="">
      <subfield code="a">ger</subfield>
    </datafield>
    <datafield tag="080" ind1="" ind2="">
      <subfield code="a">34</subfield>
    </datafield>
    <datafield tag="100" ind1="" ind2="">
      <subfield code="a">Queloz, Nicolas</subfield>
      <subfield code="u">Université de Fribourg</subfield>
    </datafield>
    <datafield tag="245" ind1="" ind2="">
      <subfield code="a">Untersuchungs- und Ausschaffungshaft von Jugendlichen unter 15 Jahren in der Schweiz</subfield>
      <subfield code="9">ger</subfield>
      <subfield code="b">Ein kritischer Blick auf Praxis und Rechtsprechung</subfield>
    </datafield>
    <datafield tag="520" ind1="" ind2="">
      <subfield code="a">Der Freiheitsentzug von Minderjährigen ist ein umstrittenes Thema, insbesondere weil dieser der erzieherischen Auffassung des Jugendstrafrechts zuwiderläuft. Die Inhaftierung von Kindern stellt ein noch akuteres Problem dar. In der Schweiz werden die Untersuchungs- und ausländerrechtliche Ausschaffungshaft von Kindern unter 15 Jahren – trotz deren Verbot – von den Behörden leider ausgesprochen. Der folgende Beitrag beschreibt diese Situationen sowie deren rechtlichen Rahmen und nimmt diese Praxis kritisch unter die Luppe.</subfield>
      <subfield code="9">ger</subfield>
    </datafield>
    <datafield tag="773" ind1="" ind2="">
      <subfield code="t">Schweizer Bulletin der Kinderrechte</subfield>
      <subfield code="g">2014///I-IV</subfield>
    </datafield>
    <datafield tag="918" ind1="" ind2="">
      <subfield code="a">Faculté de droit</subfield>
      <subfield code="b">Décanat, Av. de l'Europe 20, 1700 Fribourg</subfield>
    </datafield>
    <datafield tag="919" ind1="" ind2="">
      <subfield code="a">Université de Fribourg</subfield>
      <subfield code="b">Fribourg</subfield>
      <subfield code="d">doc.support@rero.ch</subfield>
    </datafield>
    <datafield tag="980" ind1="" ind2="">
      <subfield code="a">POSTPRINT</subfield>
      <subfield code="b">UNIFR</subfield>
      <subfield code="f">ART_JOURNAL</subfield>
    </datafield>
    <datafield tag="990" ind1="" ind2="">
      <subfield code="a">20141022135647-JZ</subfield>
    </datafield>
    <datafield tag="FFT" ind1="" ind2="">
      <subfield code="a">/Users/marietho/Devel/Virtualenvs/rerodoc/src/rerodoc/rerodoc/testsuite/data/record/232574/files/2-Beitrag_NQueloz_zum_BULLETIN_der_Kinderrechte_-_Traduction_allemande_08_07_14.pdf</subfield>
      <subfield code="r"></subfield>
      <subfield code="d">Bulletin der Kinderrechte 2014</subfield>
      <subfield code="z">order:1</subfield>
      <subfield code="n">2-Beitrag_NQueloz_zum_BULLETIN_der_Kinderrechte_-_Traduction_allemande_08_07_14.pdf</subfield>
    </datafield>
  </record>