
  <record>
    <datafield tag="041" ind1="" ind2="">
      <subfield code="a">fre</subfield>
    </datafield>
    <datafield tag="080" ind1="" ind2="">
      <subfield code="a">34</subfield>
    </datafield>
    <datafield tag="100" ind1="" ind2="">
      <subfield code="a">Queloz, Nicolas</subfield>
      <subfield code="u">Université de Fribourg</subfield>
    </datafield>
    <datafield tag="245" ind1="" ind2="">
      <subfield code="a">Les mesures thérapeutiques et de sûreté en droit pénal suisse</subfield>
      <subfield code="9">fre</subfield>
    </datafield>
    <datafield tag="773" ind1="" ind2="">
      <subfield code="c">La Harpe, R.;Ummel, M.;Dumoulin, J.-F.</subfield>
      <subfield code="t">droit de la santé et médecine légale</subfield>
      <subfield code="g">2014///629-636</subfield>
      <subfield code="d">Médecine et Hygiène</subfield>
    </datafield>
    <datafield tag="918" ind1="" ind2="">
      <subfield code="a">Faculté de droit</subfield>
      <subfield code="b">Décanat, Av. de l'Europe 20, 1700 Fribourg</subfield>
    </datafield>
    <datafield tag="919" ind1="" ind2="">
      <subfield code="a">Université de Fribourg</subfield>
      <subfield code="b">Fribourg</subfield>
      <subfield code="d">doc.support@rero.ch</subfield>
    </datafield>
    <datafield tag="980" ind1="" ind2="">
      <subfield code="a">POSTPRINT</subfield>
      <subfield code="b">UNIFR</subfield>
      <subfield code="f">ART_INBOOK</subfield>
    </datafield>
    <datafield tag="990" ind1="" ind2="">
      <subfield code="a">20141022134759-SP</subfield>
    </datafield>
    <datafield tag="FFT" ind1="" ind2="">
      <subfield code="a">/Users/marietho/Devel/Virtualenvs/rerodoc/src/rerodoc/rerodoc/testsuite/data/record/232573/files/3-Les_mesures_de_s_ret_-NQueloz.pdf</subfield>
      <subfield code="r"></subfield>
      <subfield code="d">droit de la santé et médecine légale 2014</subfield>
      <subfield code="z">order:1</subfield>
      <subfield code="n">3-Les_mesures_de_s_ret_-NQueloz.pdf</subfield>
    </datafield>
  </record>