
  <record>
    <datafield tag="041" ind1="" ind2="">
      <subfield code="a">fre</subfield>
    </datafield>
    <datafield tag="080" ind1="" ind2="">
      <subfield code="a">34</subfield>
    </datafield>
    <datafield tag="100" ind1="" ind2="">
      <subfield code="a">Queloz, Nicolas</subfield>
      <subfield code="u">Université de Fribourg</subfield>
    </datafield>
    <datafield tag="245" ind1="" ind2="">
      <subfield code="a">La détention des mineurs de moins de 15 ans en Suisse :</subfield>
      <subfield code="9">fre</subfield>
      <subfield code="b">critique de la pratique et de la jurisprudence</subfield>
    </datafield>
    <datafield tag="520" ind1="" ind2="">
      <subfield code="a">La détention des mineurs est un sujet controversé, en particulier parce qu’elle est contraire à la philosophie éducative de la justice des mineurs. Le problème est encore plus aigu avec la détention d’enfants. En Suisse, bien que la détention avant jugement – ainsi que la détention administrative du droit des étrangers – soient interdites avant l’âge de 15 ans révolus, elles sont malheureusement pratiquées par les autorités. Cet article décrit ces situations, leur cadre juridique et examine de façon critique les décisions prises.</subfield>
      <subfield code="9">fre</subfield>
    </datafield>
    <datafield tag="773" ind1="" ind2="">
      <subfield code="t">Bulletin suisse des droits de l’enfant</subfield>
      <subfield code="g">2014///I-IV</subfield>
    </datafield>
    <datafield tag="918" ind1="" ind2="">
      <subfield code="a">Faculté de droit</subfield>
      <subfield code="b">Décanat, Av. de l'Europe 20, 1700 Fribourg</subfield>
    </datafield>
    <datafield tag="919" ind1="" ind2="">
      <subfield code="a">Université de Fribourg</subfield>
      <subfield code="b">Fribourg</subfield>
      <subfield code="d">doc.support@rero.ch</subfield>
    </datafield>
    <datafield tag="980" ind1="" ind2="">
      <subfield code="a">POSTPRINT</subfield>
      <subfield code="b">UNIFR</subfield>
      <subfield code="f">ART_JOURNAL</subfield>
    </datafield>
    <datafield tag="990" ind1="" ind2="">
      <subfield code="a">20141022133654-GO</subfield>
    </datafield>
    <datafield tag="FFT" ind1="" ind2="">
      <subfield code="a">/Users/marietho/Devel/Virtualenvs/rerodoc/src/rerodoc/rerodoc/testsuite/data/record/232572/files/2-Article_de_NQueloz_pour_BULLETIN_SDE-8_07.pdf</subfield>
      <subfield code="r"></subfield>
      <subfield code="d">Bulletin_SDE 2014</subfield>
      <subfield code="z">order:1</subfield>
      <subfield code="n">2-Article_de_NQueloz_pour_BULLETIN_SDE-8_07.pdf</subfield>
    </datafield>
  </record>