
  <record>
    <datafield tag="041" ind1="" ind2="">
      <subfield code="a">fre</subfield>
    </datafield>
    <datafield tag="080" ind1="" ind2="">
      <subfield code="a">34</subfield>
    </datafield>
    <datafield tag="100" ind1="" ind2="">
      <subfield code="a">Queloz, Nicolas, Université de Fribourg</subfield>
    </datafield>
    <datafield tag="245" ind1="" ind2="">
      <subfield code="a">Mourir en prison :</subfield>
      <subfield code="9">fre</subfield>
      <subfield code="b">entre punition supplémentaire et «choix» contraint</subfield>
    </datafield>
    <datafield tag="520" ind1="" ind2="">
      <subfield code="a">Le plus vieux détenu de Suisse a «fêté» ses 90 ans en prison en décembre 2013. Condamné en juin 2010 à une peine privative de liberté de 10 ans pour des actes graves contre l’intégrité sexuelle d’autrui, il souffrait en 2013 de démence avancée et était atteint d’un cancer en phase terminale. Sa demande d’interruption d’exécution de sa peine pour «motif grave» et pour «traitement inhumain et dégradant» a finalement été rejetée par le Tribunal fédéral, instance judiciaire suprême en Suisse. Ce cas illustre bien les tendances fortes de la politique pénale contemporaine: vieillissement des populations carcérales; allongement des privations de liberté; morbidité de la détention; et position sécuritaire toujours plus marquée de la justice pénale. Dans ce contexte, la présente contribution vise à présenter la recherche «Fin de vie en prison» menée par notre équipe de l’Université de Fribourg. Si, au nom du droit de mourir dans la dignité, on peut souhaiter que la fin de vie ne se passe pas en prison, des détenus âgés nous ont pourtant dit leur désir d’y terminer leurs jours: «choix» contraint de personnes définitivement en marge de la société?</subfield>
      <subfield code="9">fre</subfield>
    </datafield>
    <datafield tag="520" ind1="" ind2="">
      <subfield code="a">In Switzerland, the oldest inmate «celebrated» his 90th birthday in prison in December 2013. He was sentenced in June 2010 to 10 years of deprivation of liberty for having committed serious crimes against sexual integrity. In 2013, he was suffering from advanced insanity and from a cancer in terminal phase. His request for an interruption of his deprivation of liberty for «serious grounds» and for «inhuman and degrading punishment» has finally been rejected by the highest Swiss Criminal Federal Court. This case is a good illustration of the actual significant trends in criminal policy: ageing of prison populations; lengthening of deprivation of liberty; morbidity of detention; and an even harsher security position of the criminal justice. In this context, this article aims at presenting the research «End of life in prison» carried out by our team at the University of Fribourg. Under the label of the right to die in dignity, we can expect that the end of life will not occur in prison. Elderly inmates have therefore expressed their hope to spend their last day behind bars: forced «choice» from persons definitely in margin of society?</subfield>
      <subfield code="9">eng</subfield>
    </datafield>
    <datafield tag="695" ind1="" ind2="">
      <subfield code="a">Politiques pénales ; privations de liberté de longue durée ; vieillissement des populations carcérales,
quelle fin de vie ? ; recherche en Suisse</subfield>
      <subfield code="9">fre</subfield>
    </datafield>
    <datafield tag="695" ind1="" ind2="">
      <subfield code="a">Criminal policy ; long term sentences ; ageing in prison ; which end of life ? ; research in Switzerland</subfield>
      <subfield code="9">eng</subfield>
    </datafield>
    <datafield tag="773" ind1="" ind2="">
      <subfield code="t">Revue internationale de criminologie et de police technique et scientifique</subfield>
      <subfield code="g">2014///373-383</subfield>
    </datafield>
    <datafield tag="918" ind1="" ind2="">
      <subfield code="a">Faculté de droit</subfield>
      <subfield code="b">Décanat, Av. de l'Europe 20, 1700 Fribourg</subfield>
    </datafield>
    <datafield tag="919" ind1="" ind2="">
      <subfield code="a">Université de Fribourg</subfield>
      <subfield code="b">Fribourg</subfield>
      <subfield code="d">doc.support@rero.ch</subfield>
    </datafield>
    <datafield tag="980" ind1="" ind2="">
      <subfield code="a">POSTPRINT</subfield>
      <subfield code="b">UNIFR</subfield>
      <subfield code="f">ART_JOURNAL</subfield>
    </datafield>
    <datafield tag="990" ind1="" ind2="">
      <subfield code="a">20141022132240-NT</subfield>
    </datafield>
    <datafield tag="FFT" ind1="" ind2="">
      <subfield code="a">/Users/marietho/Devel/Virtualenvs/rerodoc/src/rerodoc/rerodoc/testsuite/data/record/232571/files/1-RICPTS-Texte_de_NQueloz.pdf</subfield>
      <subfield code="r"></subfield>
      <subfield code="d">RICPTS, 2014</subfield>
      <subfield code="z">order:1</subfield>
      <subfield code="n">1-RICPTS-Texte_de_NQueloz.pdf</subfield>
    </datafield>
  </record>