
  <record>
    <datafield tag="035" ind1="" ind2="">
      <subfield code="a">R007897497</subfield>
    </datafield>
    <datafield tag="041" ind1="" ind2="">
      <subfield code="a">fre</subfield>
    </datafield>
    <datafield tag="080" ind1="" ind2="">
      <subfield code="a">616-083</subfield>
    </datafield>
    <datafield tag="100" ind1="" ind2="">
      <subfield code="a">Berset, Karine</subfield>
    </datafield>
    <datafield tag="245" ind1="" ind2="">
      <subfield code="a">L'implémentation des recommandations basées sur des preuves (EBN) dans un contexte de soins aigus</subfield>
      <subfield code="9">fre</subfield>
      <subfield code="b">prévention des escarres : revue de littérature étoffée</subfield>
    </datafield>
    <datafield tag="300" ind1="" ind2="">
      <subfield code="a">236 f.</subfield>
    </datafield>
    <datafield tag="500" ind1="" ind2="">
      <subfield code="a">Travail de Bachelor en vue de l'obtention du titre de Bachelor of science HES-SO en soins infirmiers</subfield>
    </datafield>
    <datafield tag="502" ind1="" ind2="">
      <subfield code="a">Mémoire de bachelor : Haute Ecole de Santé de Fribourg, 2014</subfield>
      <subfield code="9">2014-06-30</subfield>
    </datafield>
    <datafield tag="520" ind1="" ind2="">
      <subfield code="a">Une abondante littérature traite de la prévention des escarres, cependant leur survenue reste encore trop élevée et cela engendre des coûts importants et des conséquences délétères pour le patient. Il existe un fossé important entre la théorie et la pratique concernant la prévention des escarres en milieu hospitalier. Les preuves issues de recherches scientifiques ne sont pas toujours appliquées par les infirmières dans les milieux de soins aigus. Ce travail a pour but d’identifier les facteurs ayant une influence sur l’application des recommandations basées sur des preuves et de donner des pistes afin d’augmenter l’intérêt des infirmières pour la recherche.</subfield>
      <subfield code="9">fre</subfield>
    </datafield>
    <datafield tag="600" ind1="" ind2="">
      <subfield code="9">650_7</subfield>
      <subfield code="a">Pratique basée sur les preuves</subfield>
      <subfield code="2">rero</subfield>
    </datafield>
    <datafield tag="600" ind1="" ind2="">
      <subfield code="9">650_7</subfield>
      <subfield code="a">Escarres</subfield>
      <subfield code="2">rero</subfield>
    </datafield>
    <datafield tag="600" ind1="" ind2="">
      <subfield code="9">650_7</subfield>
      <subfield code="a">Soins infirmiers</subfield>
      <subfield code="2">rero</subfield>
    </datafield>
    <datafield tag="600" ind1="" ind2="">
      <subfield code="9">650_7</subfield>
      <subfield code="a">Prévention</subfield>
      <subfield code="2">rero</subfield>
    </datafield>
    <datafield tag="695" ind1="" ind2="">
      <subfield code="a">implémentation ; infirmières ; prévention ; escarres ; facilitation ; preuve ; guideline ; qualité des soins</subfield>
      <subfield code="9">fre</subfield>
    </datafield>
    <datafield tag="695" ind1="" ind2="">
      <subfield code="a">Evidence-based nursing ; evidence-based practice</subfield>
      <subfield code="9">eng</subfield>
    </datafield>
    <datafield tag="700" ind1="" ind2="">
      <subfield code="a">Dufour, Isabelle,</subfield>
    </datafield>
    <datafield tag="700" ind1="" ind2="">
      <subfield code="a">Progin, Evelyne</subfield>
      <subfield code="e">Dir.</subfield>
    </datafield>
    <datafield tag="919" ind1="" ind2="">
      <subfield code="a">Haute Ecole de Santé de Fribourg</subfield>
      <subfield code="b">Fribourg</subfield>
      <subfield code="d">doc.support@rero.ch</subfield>
    </datafield>
    <datafield tag="980" ind1="" ind2="">
      <subfield code="a">DISSERTATION</subfield>
      <subfield code="b">HEDSFR</subfield>
      <subfield code="f">DISS_BACHELOR</subfield>
    </datafield>
    <datafield tag="990" ind1="" ind2="">
      <subfield code="a">20141022084558-ZZ</subfield>
    </datafield>
    <datafield tag="FFT" ind1="" ind2="">
      <subfield code="a">/Users/marietho/Devel/Virtualenvs/rerodoc/src/rerodoc/rerodoc/testsuite/data/record/232570/files/Berset_Dufour.pdf</subfield>
      <subfield code="r"></subfield>
      <subfield code="d">Texte intégral</subfield>
      <subfield code="z">order:1</subfield>
      <subfield code="n">Berset_Dufour.pdf</subfield>
    </datafield>
  </record>