
  <record>
    <datafield tag="035" ind1="" ind2="">
      <subfield code="a">R007913039</subfield>
    </datafield>
    <datafield tag="041" ind1="" ind2="">
      <subfield code="a">spa</subfield>
    </datafield>
    <datafield tag="080" ind1="" ind2="">
      <subfield code="a">33</subfield>
    </datafield>
    <datafield tag="245" ind1="" ind2="">
      <subfield code="a">COSUDE en El Salvador</subfield>
      <subfield code="9">spa</subfield>
      <subfield code="b">aportes durante 21 años : "con COSUDE, he recibido lo suficiente para caminar solo"</subfield>
    </datafield>
    <datafield tag="260" ind1="" ind2="">
      <subfield code="a">Managua</subfield>
      <subfield code="c">[2014?]</subfield>
      <subfield code="b">COSUDE</subfield>
    </datafield>
    <datafield tag="300" ind1="" ind2="">
      <subfield code="a">1 document électronique</subfield>
    </datafield>
    <datafield tag="710" ind1="" ind2="">
      <subfield code="a">Suisse. Direction du développement et de la coopération. Bureau de la coopération suisse en Amérique Centrale</subfield>
    </datafield>
    <datafield tag="919" ind1="" ind2="">
      <subfield code="a">Institut de hautes études internationales et du développement</subfield>
      <subfield code="b">Genève</subfield>
      <subfield code="d">doc.support@rero.ch</subfield>
    </datafield>
    <datafield tag="980" ind1="" ind2="">
      <subfield code="a">BOOK</subfield>
      <subfield code="b">IHEID</subfield>
    </datafield>
    <datafield tag="982" ind1="" ind2="">
      <subfield code="a">SDC Deposit Library</subfield>
    </datafield>
    <datafield tag="990" ind1="" ind2="">
      <subfield code="a">20141021164536-FR</subfield>
    </datafield>
    <datafield tag="FFT" ind1="" ind2="">
      <subfield code="a">/Users/marietho/Devel/Virtualenvs/rerodoc/src/rerodoc/rerodoc/testsuite/data/record/232569/files/03-COSUDE_EN_EL_SALVADOR_-_APORTES_DURANTE_21_A_OS.pdf</subfield>
      <subfield code="r"></subfield>
      <subfield code="d">Texte intégral</subfield>
      <subfield code="z">order:1</subfield>
      <subfield code="n">03-COSUDE_EN_EL_SALVADOR_-_APORTES_DURANTE_21_A_OS.pdf</subfield>
    </datafield>
  </record>