
  <record>
    <datafield tag="035" ind1="" ind2="">
      <subfield code="a">R007912988</subfield>
    </datafield>
    <datafield tag="041" ind1="" ind2="">
      <subfield code="a">spa</subfield>
    </datafield>
    <datafield tag="080" ind1="" ind2="">
      <subfield code="a">33</subfield>
    </datafield>
    <datafield tag="245" ind1="" ind2="">
      <subfield code="a">Comunicación para el desarrollo</subfield>
      <subfield code="9">spa</subfield>
      <subfield code="b">una guía práctica</subfield>
    </datafield>
    <datafield tag="260" ind1="" ind2="">
      <subfield code="a">Berna</subfield>
      <subfield code="c">2014</subfield>
      <subfield code="b">COSUDE</subfield>
    </datafield>
    <datafield tag="300" ind1="" ind2="">
      <subfield code="a">62 p.</subfield>
    </datafield>
    <datafield tag="710" ind1="" ind2="">
      <subfield code="a">Suisse.$a Suisse. Direction du développement et de la coopération. Division Amérique Latine et Caraïbes</subfield>
    </datafield>
    <datafield tag="919" ind1="" ind2="">
      <subfield code="a">Institut de hautes études internationales et du développement</subfield>
      <subfield code="b">Genève</subfield>
      <subfield code="d">doc.support@rero.ch</subfield>
    </datafield>
    <datafield tag="980" ind1="" ind2="">
      <subfield code="a">BOOK</subfield>
      <subfield code="b">IHEID</subfield>
    </datafield>
    <datafield tag="982" ind1="" ind2="">
      <subfield code="a">SDC Deposit Library</subfield>
    </datafield>
    <datafield tag="990" ind1="" ind2="">
      <subfield code="a">20141021162620-NO</subfield>
    </datafield>
    <datafield tag="FFT" ind1="" ind2="">
      <subfield code="a">/Users/marietho/Devel/Virtualenvs/rerodoc/src/rerodoc/rerodoc/testsuite/data/record/232568/files/02-Comunicacion_para_el_desarrollo.pdf</subfield>
      <subfield code="r"></subfield>
      <subfield code="d">Texte intégral</subfield>
      <subfield code="z">order:1</subfield>
      <subfield code="n">02-Comunicacion_para_el_desarrollo.pdf</subfield>
    </datafield>
  </record>