
  <record>
    <datafield tag="035" ind1="" ind2="">
      <subfield code="a">R007912948</subfield>
    </datafield>
    <datafield tag="041" ind1="" ind2="">
      <subfield code="a">spa</subfield>
    </datafield>
    <datafield tag="080" ind1="" ind2="">
      <subfield code="a">33</subfield>
    </datafield>
    <datafield tag="245" ind1="" ind2="">
      <subfield code="a">Cooperación Suiza al desarrollo en el Perú</subfield>
      <subfield code="9">spa</subfield>
    </datafield>
    <datafield tag="260" ind1="" ind2="">
      <subfield code="a">Lima</subfield>
      <subfield code="c">2010</subfield>
      <subfield code="b">COSUDE</subfield>
    </datafield>
    <datafield tag="300" ind1="" ind2="">
      <subfield code="a">15 p.</subfield>
    </datafield>
    <datafield tag="710" ind1="" ind2="">
      <subfield code="a">Suisse. Direction du développement et de la coopération. Bureau de la coopération suisse au Pérou</subfield>
    </datafield>
    <datafield tag="919" ind1="" ind2="">
      <subfield code="a">Institut de hautes études internationales et du développement</subfield>
      <subfield code="b">Genève</subfield>
      <subfield code="d">doc.support@rero.ch</subfield>
    </datafield>
    <datafield tag="980" ind1="" ind2="">
      <subfield code="a">BOOK</subfield>
      <subfield code="b">IHEID</subfield>
    </datafield>
    <datafield tag="982" ind1="" ind2="">
      <subfield code="a">SDC Deposit Library</subfield>
    </datafield>
    <datafield tag="990" ind1="" ind2="">
      <subfield code="a">20141021160426-ZT</subfield>
    </datafield>
    <datafield tag="FFT" ind1="" ind2="">
      <subfield code="a">/Users/marietho/Devel/Virtualenvs/rerodoc/src/rerodoc/rerodoc/testsuite/data/record/232567/files/01-Cooperaci_n_Suiza_al_Desarrollo_en_el_Per_.pdf</subfield>
      <subfield code="r"></subfield>
      <subfield code="d">Texte intégral</subfield>
      <subfield code="z">order:1</subfield>
      <subfield code="n">01-Cooperaci_n_Suiza_al_Desarrollo_en_el_Per_.pdf</subfield>
    </datafield>
  </record>