
  <record>
    <datafield tag="035" ind1="" ind2="">
      <subfield code="a">R007912890</subfield>
    </datafield>
    <datafield tag="041" ind1="" ind2="">
      <subfield code="a">eng</subfield>
    </datafield>
    <datafield tag="080" ind1="" ind2="">
      <subfield code="a">33</subfield>
    </datafield>
    <datafield tag="245" ind1="" ind2="">
      <subfield code="a">Swiss cooperation strategy for the Great lakes region 2013-2016</subfield>
      <subfield code="9">eng</subfield>
    </datafield>
    <datafield tag="260" ind1="" ind2="">
      <subfield code="a">Bern</subfield>
      <subfield code="c">2013</subfield>
      <subfield code="b">FDFA</subfield>
    </datafield>
    <datafield tag="300" ind1="" ind2="">
      <subfield code="a">22 p.</subfield>
    </datafield>
    <datafield tag="500" ind1="" ind2="">
      <subfield code="a">French Title: "Stratégie suisse de coopération pour la région des Grands Lacs 2013-2016"</subfield>
    </datafield>
    <datafield tag="710" ind1="" ind2="">
      <subfield code="a">Suisse. Département fédéral des affaires étrangères</subfield>
    </datafield>
    <datafield tag="919" ind1="" ind2="">
      <subfield code="a">Institut de hautes études internationales et du développement</subfield>
      <subfield code="b">Genève</subfield>
      <subfield code="d">doc.support@rero.ch</subfield>
    </datafield>
    <datafield tag="980" ind1="" ind2="">
      <subfield code="a">BOOK</subfield>
      <subfield code="b">IHEID</subfield>
    </datafield>
    <datafield tag="982" ind1="" ind2="">
      <subfield code="a">SDC Deposit Library</subfield>
    </datafield>
    <datafield tag="990" ind1="" ind2="">
      <subfield code="a">20141021154102-GD</subfield>
    </datafield>
    <datafield tag="FFT" ind1="" ind2="">
      <subfield code="a">/Users/marietho/Devel/Virtualenvs/rerodoc/src/rerodoc/rerodoc/testsuite/data/record/232566/files/17-Swiss_cooperation_strategy_Great_Lakes_D_-_6.18_13-16_E_.pdf</subfield>
      <subfield code="r"></subfield>
      <subfield code="d">Texte intégral</subfield>
      <subfield code="z">order:1</subfield>
      <subfield code="n">17-Swiss_cooperation_strategy_Great_Lakes_D_-_6.18_13-16_E_.pdf</subfield>
    </datafield>
  </record>