
  <record>
    <datafield tag="041" ind1="" ind2="">
      <subfield code="a">eng</subfield>
    </datafield>
    <datafield tag="080" ind1="" ind2="">
      <subfield code="a">33</subfield>
    </datafield>
    <datafield tag="100" ind1="" ind2="">
      <subfield code="a">Cao, Nguyen Vi</subfield>
      <subfield code="u">Haute école de gestion de Genève, HES-SO // Haute Ecole Spécialisée de Suisse Occidentale</subfield>
    </datafield>
    <datafield tag="245" ind1="" ind2="">
      <subfield code="a">A service production planning model integrating human risk factors</subfield>
      <subfield code="9">eng</subfield>
    </datafield>
    <datafield tag="269" ind1="" ind2="">
      <subfield code="c">2014</subfield>
    </datafield>
    <datafield tag="520" ind1="" ind2="">
      <subfield code="a">Most models of production planning based on mathematical programming tend to assume constant technical coefficients. This assumption is realistic when the production is based on machines as it is the case in manufacturing. On the other hand, production planning in the service sector involves humans instead of machines. Consequently, the assumption that all technical coefficient of the mathematical program are constant cannot hold anymore. This is especially the case for productivity parameters related to human activity. It is well known for instance that in the service sector when administrative tasks are repetitive and boring, working overload has a direct impact on the employee productivity. We have adapted a manufacturing planning model producing industrial goods into a service production planning model. In this service model, employees with different job status (junior, senior and expert) are handling cases of specific difficulties (simple, standard, personal and special). Then, we have introduced a variable productivity formula into the mathematical program that takes into account “plateau” levels assuming diminishing productivities. To do so the mathematical program includes integer variables as well as non-linearity and thus becomes a NLMIP (Non Linear Mixed Integer Program). A fictitious case study is presented. The initial service production planning model with constant technical coefficient leads to solutions involving job specialization. On the other hand the model version with the variable productivity formula offers a better workload balance and more possibilities of job polyvalence reducing thus human risks such as burn-outs.</subfield>
      <subfield code="9">eng</subfield>
    </datafield>
    <datafield tag="695" ind1="" ind2="">
      <subfield code="a">human factor ; production planning optimization ; risk ; service</subfield>
      <subfield code="9">eng</subfield>
    </datafield>
    <datafield tag="700" ind1="" ind2="">
      <subfield code="a">Fragnière, Emmanuel</subfield>
      <subfield code="u">Haute école de gestion de Genève, HES-SO // Haute Ecole Spécialisée de Suisse Occidentale</subfield>
    </datafield>
    <datafield tag="773" ind1="" ind2="">
      <subfield code="t">Next generation supply chains : trends and opportunities</subfield>
      <subfield code="g">2014///345-359</subfield>
    </datafield>
    <datafield tag="775" ind1="" ind2="">
      <subfield code="g">Published version</subfield>
      <subfield code="o">https://hicl.org/sites/hicl.org/files/books/2014/kersten-2014-next-generation-supply-chains.pdf</subfield>
    </datafield>
    <datafield tag="918" ind1="" ind2="">
      <subfield code="a">Haute école de gestion de Genève</subfield>
      <subfield code="c">Centre de recherche appliqué en gestion (CRAG)</subfield>
      <subfield code="b">Campus de Battelle, Bâtiment F, 7 route de Drize, 1227 Carouge</subfield>
    </datafield>
    <datafield tag="919" ind1="" ind2="">
      <subfield code="a">Haute école de gestion de Genève</subfield>
      <subfield code="b">Genève</subfield>
      <subfield code="d">doc.support@rero.ch</subfield>
    </datafield>
    <datafield tag="980" ind1="" ind2="">
      <subfield code="a">POSTPRINT</subfield>
      <subfield code="b">HEGGE</subfield>
      <subfield code="f">ART_INBOOK</subfield>
    </datafield>
    <datafield tag="990" ind1="" ind2="">
      <subfield code="a">20141021132726-SZ</subfield>
    </datafield>
    <datafield tag="FFT" ind1="" ind2="">
      <subfield code="a">/Users/marietho/Devel/Virtualenvs/rerodoc/src/rerodoc/rerodoc/testsuite/data/record/232562/files/Cao_Fragniere_Service_Production_Planning2014.pdf</subfield>
      <subfield code="r"></subfield>
      <subfield code="d">Texte intégral</subfield>
      <subfield code="z">order:1</subfield>
      <subfield code="n">Cao_Fragniere_Service_Production_Planning2014.pdf</subfield>
    </datafield>
  </record>