
  <record>
    <datafield tag="035" ind1="" ind2="">
      <subfield code="a">R007911968</subfield>
    </datafield>
    <datafield tag="041" ind1="" ind2="">
      <subfield code="a">fre</subfield>
    </datafield>
    <datafield tag="080" ind1="" ind2="">
      <subfield code="a">61</subfield>
    </datafield>
    <datafield tag="100" ind1="" ind2="">
      <subfield code="a">Girod, Julien</subfield>
    </datafield>
    <datafield tag="245" ind1="" ind2="">
      <subfield code="a">La pratique infirmière avancée</subfield>
      <subfield code="9">fre</subfield>
      <subfield code="b">recommandations pour sa mise en oeuvre</subfield>
    </datafield>
    <datafield tag="300" ind1="" ind2="">
      <subfield code="a">1 livre électronique</subfield>
    </datafield>
    <datafield tag="502" ind1="" ind2="">
      <subfield code="a">Mémoire de bachelor : HES-SO Valais, 2014</subfield>
      <subfield code="9">2014</subfield>
    </datafield>
    <datafield tag="520" ind1="" ind2="">
      <subfield code="a">But : Proposer des recommandations pour optimiser l’intégration du personnel  infirmier avec un rôle de pratique infirmière avancée dans les milieux de soins de  l’Hôpital du Valais. Fond : La création d’un Master of Science in Nursing Science en Romandie, la prise  de position favorable par des associations de soins infirmiers ainsi que par d’autres  professionnels de la santé et l’engagement de certains politiques en faveur de plus  d’autonomie pour le personnel infirmier tendent à encourager le développement de la  pratique infirmière avancée en Suisse. Si cette marche en avant suit son cours, qu’en  est-il de son application concrète dans les milieux de soins ? Méthode : Une revue de la littérature internationale dans le but de faire émerger des  recommandations, des obstacles ou des facilitateurs rencontrés lors de la mise en  oeuvre de la pratique infirmière avancée.</subfield>
      <subfield code="9">fre</subfield>
    </datafield>
    <datafield tag="600" ind1="" ind2="">
      <subfield code="9">650_7</subfield>
      <subfield code="a">Soins infirmiers</subfield>
      <subfield code="2">rero</subfield>
    </datafield>
    <datafield tag="695" ind1="" ind2="">
      <subfield code="a">Pratique infirmière avancée ; mise en oeuvre ; intégration</subfield>
      <subfield code="9">fre</subfield>
    </datafield>
    <datafield tag="700" ind1="" ind2="">
      <subfield code="a">Nowak, Frédérique</subfield>
      <subfield code="e">Dir.</subfield>
    </datafield>
    <datafield tag="918" ind1="" ind2="">
      <subfield code="a">Soins infirmiers</subfield>
      <subfield code="b">HES-SO Valais - Domaine Santé &amp; Social, Chemin de l'Agasse 5, 1950 Sion</subfield>
    </datafield>
    <datafield tag="919" ind1="" ind2="">
      <subfield code="a">HES-SO Valais</subfield>
      <subfield code="b">Sion</subfield>
      <subfield code="d">doc.support@rero.ch</subfield>
    </datafield>
    <datafield tag="980" ind1="" ind2="">
      <subfield code="a">DISSERTATION</subfield>
      <subfield code="b">HEVS_</subfield>
      <subfield code="f">DISS_BACHELOR</subfield>
    </datafield>
    <datafield tag="990" ind1="" ind2="">
      <subfield code="a">20141021082350-LB</subfield>
    </datafield>
    <datafield tag="FFT" ind1="" ind2="">
      <subfield code="a">/Users/marietho/Devel/Virtualenvs/rerodoc/src/rerodoc/rerodoc/testsuite/data/record/232561/files/TB_Girod_Julien.pdf</subfield>
      <subfield code="r"></subfield>
      <subfield code="d">Texte intégral</subfield>
      <subfield code="z">order:1</subfield>
      <subfield code="n">TB_Girod_Julien.pdf</subfield>
    </datafield>
  </record>