
  <record>
    <datafield tag="024" ind1="7" ind2="">
      <subfield code="a">urn:nbn:ch:rero-004-113324</subfield>
      <subfield code="2">urn</subfield>
    </datafield>
    <datafield tag="035" ind1="" ind2="">
      <subfield code="a">R007910437</subfield>
    </datafield>
    <datafield tag="041" ind1="" ind2="">
      <subfield code="a">eng</subfield>
    </datafield>
    <datafield tag="080" ind1="" ind2="">
      <subfield code="a">51</subfield>
    </datafield>
    <datafield tag="100" ind1="" ind2="">
      <subfield code="a">Wullschleger, Raphael Elias</subfield>
    </datafield>
    <datafield tag="245" ind1="" ind2="">
      <subfield code="a">Counting Reeb Chords on spherizations</subfield>
      <subfield code="9">eng</subfield>
    </datafield>
    <datafield tag="500" ind1="" ind2="">
      <subfield code="a">Keywords: Hamiltonian dynamics ; Symplectic geometry ; Lagrangian Floer homology ; contact geometry ; Reeb dynamics</subfield>
    </datafield>
    <datafield tag="502" ind1="" ind2="">
      <subfield code="a">Thèse de doctorat : Université de Neuchâtel, 2014</subfield>
      <subfield code="9">2014</subfield>
    </datafield>
    <datafield tag="506" ind1="" ind2="">
      <subfield code="f">free</subfield>
    </datafield>
    <datafield tag="520" ind1="" ind2="">
      <subfield code="a">In classical physics, one is interested in finding solutions of the Newtonian equations of motion. If there is a certain number of bodies which attract each others and if one assumes an initial configuration of these masses, then one would like to understand the time evolution of this system according to Newton’s equations, i.e. the change of position and momentum of all these bodies as functions of time. But already in the case of three bodies – say, the moon, the sun and the earth – one knows only very little and this question remains essentially unanswered. &lt;br&gt; Rewriting the Newtonian equations of motion in an equivalent way leads to Hamilton’s equations. Solutions of Hamilton’s equations are paths – in physical terms – in phase space, whereas in mathematical terms one calls this space the cotangent bundle. So classical physical evolution takes mathematically place in cotangent bundles. &lt;br&gt; Symplectic geometry is a new and prominent subject within differential geometry, one of the few basic branches of mathematics. The cotangent bundle is probably the most famous representative of a so-called symplectic manifold. It holds true that the old physical questions got via the steps explained above a new and strong geometrical interpretation. &lt;br&gt; Floer homology is a powerful tool to study solutions of Hamilton’s equations. It gives the possibility to use topological information about the cotangent bundle to obtain qualitative and quantitative results on solutions of Hamilton’s equations. &lt;br&gt; The energy is a property of a physical system which remains constant during evolution of time. Therefore, it is natural to look for solutions of Hamiltonian systems on surfaces as certain subsets – called energy hyper-surfaces – of cotangent bundles which are characterized by the fact that the energy function takes for all points of these surfaces the same value. Roughly speaking, solutions of Hamilton’s equations along energy hypersurfaces are called Reeb chords. The spectrum of such an energy hypersurface is simply the set of all times needed to move along the paths which are solutions of Hamilton’s equations. So it is the set of times required to walk along the Reeb chords of a given energy hypersurface. In particular, the counting function associated to an energy hypersurface is studied. This function calculates the number of solutions whose times are shorter than a given value. &lt;br&gt; In this thesis, steps are taken towards an understanding of the time spectrum of fiberwise starshaped hypersurfaces in cotangent bundles. The base manifold is throughout assumed to be a closed connected Riemannian manifold. It is shown that under the additional assumption of exponential-resp. polynomial growth of the fundamental group of the base manifold, the counting function grows at least exponentially resp. at least polynomially in time. Generally, for every fiberwise starshaped hypersurface over a closed connected Riemannian manifold, the associated counting function grows at least linearly in time. These are asymptotic results. Afterwards the question of understanding fast Reeb chords is considered. An estimate for the time of the fastest resp. of the second fastest Reeb chord is given. More specifically, this question is addressed by choosing special base manifolds, or configuration spaces, such as Lie groups or generally (Riemannian) symmetric spaces. Estimates for the times of the &lt;i&gt;k&lt;/i&gt;fastest Reeb chords are deduced. These estimates depend on the geometry of the base manifold only. Another attempt is of group theoretic nature. If the fundamental group of the base manifold is of order &lt;i&gt;k&lt;/i&gt;, then there are at least &lt;i&gt;k&lt;/i&gt; Reeb chords satisfying an upper time bound &lt;i&gt;k&lt;/i&gt; times the diameter of the (compact) base manifold. Finally, some results concerning the stability of the time of the fastest Reeb chord are presented.</subfield>
      <subfield code="9">eng</subfield>
    </datafield>
    <datafield tag="695" ind1="" ind2="">
      <subfield code="a">Hamiltonian Dynamics ; Sympletic Geometry ; Lagrangian Floer Homology ; Contact Geometry ; Reeb Dynamics</subfield>
      <subfield code="9">eng</subfield>
    </datafield>
    <datafield tag="700" ind1="" ind2="">
      <subfield code="a">Schlenk, Felix</subfield>
      <subfield code="e">Dir.</subfield>
    </datafield>
    <datafield tag="918" ind1="" ind2="">
      <subfield code="a">Faculté des sciences</subfield>
      <subfield code="b">Rue Emile-Argand 11, 2007 Neuchâtel</subfield>
    </datafield>
    <datafield tag="919" ind1="" ind2="">
      <subfield code="a">Université de Neuchâtel</subfield>
      <subfield code="b">Neuchâtel</subfield>
      <subfield code="d">doc.support@rero.ch</subfield>
    </datafield>
    <datafield tag="980" ind1="" ind2="">
      <subfield code="a">THESIS</subfield>
      <subfield code="b">UNINE</subfield>
      <subfield code="f">TH_PHD</subfield>
    </datafield>
    <datafield tag="990" ind1="" ind2="">
      <subfield code="a">20141020172124-IB</subfield>
    </datafield>
    <datafield tag="FFT" ind1="" ind2="">
      <subfield code="a">/Users/marietho/Devel/Virtualenvs/rerodoc/src/rerodoc/rerodoc/testsuite/data/record/232560/files/00002429.pdf</subfield>
      <subfield code="r"></subfield>
      <subfield code="d">Texte intégral</subfield>
      <subfield code="z">order:1</subfield>
      <subfield code="n">00002429.pdf</subfield>
    </datafield>
  </record>