
  <record>
    <datafield tag="035" ind1="" ind2="">
      <subfield code="a">R007911483</subfield>
    </datafield>
    <datafield tag="041" ind1="" ind2="">
      <subfield code="a">eng</subfield>
    </datafield>
    <datafield tag="080" ind1="" ind2="">
      <subfield code="a">796</subfield>
    </datafield>
    <datafield tag="245" ind1="" ind2="">
      <subfield code="a">Pharmacy guide</subfield>
      <subfield code="9">eng</subfield>
      <subfield code="b">Sochi 2014 Paralympic Games</subfield>
    </datafield>
    <datafield tag="260" ind1="" ind2="">
      <subfield code="a">Moscow</subfield>
      <subfield code="c">2014</subfield>
      <subfield code="b">Organizing Committee of the XXII Olympic Winter Games and Paralympic Winter Games of 2014 in Sochi</subfield>
    </datafield>
    <datafield tag="300" ind1="" ind2="">
      <subfield code="a">136 p.</subfield>
    </datafield>
    <datafield tag="520" ind1="" ind2="">
      <subfield code="a">This guide approved by the IPC Medical &amp; Scientific Department is designed to provide NPC health car practitioners with systematic information about pharmacy services and regulations for NPC health care provision during the 2014 Winter Paralympic Games in Sochi.</subfield>
      <subfield code="9">eng</subfield>
    </datafield>
    <datafield tag="600" ind1="" ind2="">
      <subfield code="9">61127</subfield>
      <subfield code="a">Jeux paralympiques d'hiver</subfield>
      <subfield code="2">rero</subfield>
    </datafield>
    <datafield tag="600" ind1="" ind2="">
      <subfield code="9">650_7</subfield>
      <subfield code="a">Médicaments</subfield>
      <subfield code="2">rero</subfield>
    </datafield>
    <datafield tag="600" ind1="" ind2="">
      <subfield code="9">650_7</subfield>
      <subfield code="a">Pharmacie</subfield>
      <subfield code="2">rero</subfield>
    </datafield>
    <datafield tag="695" ind1="" ind2="">
      <subfield code="a">Jeux Paralympiques d'hiver ; Sotchi ; 2014 ; pharmacie ; médicament ; guide ; COJO</subfield>
      <subfield code="9">fre</subfield>
    </datafield>
    <datafield tag="695" ind1="" ind2="">
      <subfield code="a">Paralympic Winter Games ; Sochi ; 2014 ; pharmacy ; medication ; guide ; OCOG</subfield>
      <subfield code="9">eng</subfield>
    </datafield>
    <datafield tag="710" ind1="" ind2="">
      <subfield code="a">Organising Committee for the Olympic and Paralympic Winter Games in Sochi in 2014</subfield>
    </datafield>
    <datafield tag="711" ind1="" ind2="">
      <subfield code="a">Jeux olympiques d'hiver</subfield>
      <subfield code="c">Sochi</subfield>
      <subfield code="d">2014</subfield>
      <subfield code="n">22</subfield>
    </datafield>
    <datafield tag="919" ind1="" ind2="">
      <subfield code="a">IOC Olympic Studies Centre</subfield>
      <subfield code="b">Lausanne</subfield>
      <subfield code="d">doc.support@rero.ch</subfield>
    </datafield>
    <datafield tag="980" ind1="" ind2="">
      <subfield code="a">BOOK</subfield>
      <subfield code="b">CIO</subfield>
    </datafield>
    <datafield tag="990" ind1="" ind2="">
      <subfield code="a">20141020151149-EL</subfield>
    </datafield>
    <datafield tag="FFT" ind1="" ind2="">
      <subfield code="a">/Users/marietho/Devel/Virtualenvs/rerodoc/src/rerodoc/rerodoc/testsuite/data/record/232556/files/Pharmacy_Guide_Paralympic.pdf</subfield>
      <subfield code="r"></subfield>
      <subfield code="d">Full text</subfield>
      <subfield code="z">order:1</subfield>
      <subfield code="n">Pharmacy_Guide_Paralympic.pdf</subfield>
    </datafield>
  </record>