
  <record>
    <datafield tag="041" ind1="" ind2="">
      <subfield code="a">eng</subfield>
    </datafield>
    <datafield tag="080" ind1="" ind2="">
      <subfield code="a">57</subfield>
    </datafield>
    <datafield tag="100" ind1="" ind2="">
      <subfield code="a">Aebi, Alexandre</subfield>
      <subfield code="u">Institute of Evolutionary Biology, King's Buildings, Edinburgh, UK</subfield>
    </datafield>
    <datafield tag="245" ind1="" ind2="">
      <subfield code="a">Native and introduced parasitoids attacking the invasive chestnut gall wasp &lt;i&gt;Dryocosmus kuriphilus&lt;/i&gt;</subfield>
      <subfield code="9">eng</subfield>
    </datafield>
    <datafield tag="520" ind1="" ind2="">
      <subfield code="a">The globally invasive chestnut gall wasp &lt;i&gt;Dryocosmus kuriphilus&lt;/i&gt; was recently reported in Italy and threatens European chestnut orchards and native forests. Of Chinese origin, this species has invaded Japan, Korea, the USA, Nepal and Europe and in each region it has been attacked by parasitoids exploiting oak gall wasps. Classical biological control using the parasitoid &lt;i&gt;Torymus sinensis&lt;/i&gt; (Hymenoptera: Torymidae) successfully reduced infestation in Japan. Subsequent work in Japan and Korea showed this parasitoid to represent a poorly understood and biologically diverse species complex. Following its success in Japan, &lt;i&gt;T. sinensis&lt;/i&gt; was released in Italy in 2005. A growing appreciation of the taxonomic and ecological complexity of the &lt;i&gt;T. sinensis&lt;/i&gt; complex in Japan and Korea has stimulated ongoing DNA-based work on relationships and interbreeding of species in this group. Oak cynipid parasitoids provide potential for native augmentative or conservation biological control of &lt;i&gt;D. kuriphilus&lt;/i&gt; in Europe. Exploitation of this potential requires improved understanding of the taxonomy of these parasitoids, particularly of morphologically highly conserved lineages such as &lt;i&gt;Eurytoma&lt;/i&gt; and &lt;i&gt;Eupelmus&lt;/i&gt; in which recognised species may contain many cryptic lineages. There is a growing need for a molecular survey of the communities centered on chestnut and oak gall wasps to: (1) ascertain the identity of &lt;i&gt;T. sinensis&lt;/i&gt; lineages released in Italy (2) track the dispersal of &lt;i&gt;T. sinensis&lt;/i&gt; in the native community, either in its original form or as hybrids with native species (3) identify possible biological control agents in the native parasitoid community.</subfield>
      <subfield code="9">eng</subfield>
    </datafield>
    <datafield tag="700" ind1="" ind2="">
      <subfield code="a">Schönrogge, K</subfield>
      <subfield code="u">Centre for Ecology and Hydrology, Winfrith Technology Centre, Dorchester, UK</subfield>
    </datafield>
    <datafield tag="700" ind1="" ind2="">
      <subfield code="a">Melika, G</subfield>
      <subfield code="u">Systematic Parasitoid Laboratory, Vas County Plant Protection and Soil Conservation Service, Hungary</subfield>
    </datafield>
    <datafield tag="700" ind1="" ind2="">
      <subfield code="a">Quacchia, A</subfield>
      <subfield code="u">Department of Exploitation and Protection of the Agricultural and Forestry Resources, Italy</subfield>
    </datafield>
    <datafield tag="700" ind1="" ind2="">
      <subfield code="a">Alma, A</subfield>
      <subfield code="u">Department of Exploitation and Protection of the Agricultural and Forestry Resources, Italy</subfield>
    </datafield>
    <datafield tag="700" ind1="" ind2="">
      <subfield code="a">Stone, G. N</subfield>
      <subfield code="u">Institute of Evolutionary Biology, King's Buildings, Edinburgh, UK</subfield>
    </datafield>
    <datafield tag="773" ind1="" ind2="">
      <subfield code="t">EPPO Bulletin</subfield>
      <subfield code="g">2007/37/1/166-171</subfield>
      <subfield code="d">Wiley</subfield>
    </datafield>
    <datafield tag="775" ind1="" ind2="">
      <subfield code="g">Published Version</subfield>
      <subfield code="o">http://dx.doi.org/10.1111/j.1365-2338.2007.01099.x</subfield>
    </datafield>
    <datafield tag="918" ind1="" ind2="">
      <subfield code="a">Faculté des sciences</subfield>
      <subfield code="b">Rue Emile-Argand 11, 2007 Neuchâtel</subfield>
    </datafield>
    <datafield tag="919" ind1="" ind2="">
      <subfield code="a">Université de Neuchâtel</subfield>
      <subfield code="b">Neuchâtel</subfield>
      <subfield code="d">doc.support@rero.ch</subfield>
    </datafield>
    <datafield tag="980" ind1="" ind2="">
      <subfield code="a">POSTPRINT</subfield>
      <subfield code="b">UNINE</subfield>
      <subfield code="f">ART_JOURNAL</subfield>
    </datafield>
    <datafield tag="990" ind1="" ind2="">
      <subfield code="a">20141017112848-TY</subfield>
    </datafield>
    <datafield tag="FFT" ind1="" ind2="">
      <subfield code="a">/Users/marietho/Devel/Virtualenvs/rerodoc/src/rerodoc/rerodoc/testsuite/data/record/232548/files/Aebi_A-Native_and_introduced-20141017.pdf</subfield>
      <subfield code="r"></subfield>
      <subfield code="d">Texte intégral</subfield>
      <subfield code="z">order:1</subfield>
      <subfield code="n">Aebi_A-Native_and_introduced-20141017.pdf</subfield>
    </datafield>
  </record>