
  <record>
    <datafield tag="035" ind1="" ind2="">
      <subfield code="a">R007910100</subfield>
    </datafield>
    <datafield tag="041" ind1="" ind2="">
      <subfield code="a">eng</subfield>
    </datafield>
    <datafield tag="080" ind1="" ind2="">
      <subfield code="a">796</subfield>
    </datafield>
    <datafield tag="245" ind1="" ind2="">
      <subfield code="a">Team captains' manual</subfield>
      <subfield code="9">eng</subfield>
      <subfield code="b">Sochi 2014 Paralympic Games</subfield>
    </datafield>
    <datafield tag="260" ind1="" ind2="">
      <subfield code="a">Moscow</subfield>
      <subfield code="c">2014</subfield>
      <subfield code="b">Organizing Committee of XXII Olympic Winter Games and XI Paralympic Winter Games of 2014 in Sochi</subfield>
    </datafield>
    <datafield tag="300" ind1="" ind2="">
      <subfield code="a">4 vol.</subfield>
    </datafield>
    <datafield tag="500" ind1="" ind2="">
      <subfield code="a">Title changes sometimes: Team leaders' manual</subfield>
    </datafield>
    <datafield tag="505" ind1="" ind2="">
      <subfield code="a">Vol.1 : Alpine skiing. - Vol. 2 : Ice sledge hockey. - Vol. 3 : Nordic skiing. - Vol. 4 : Wheelchair curling.</subfield>
    </datafield>
    <datafield tag="600" ind1="" ind2="">
      <subfield code="9">61127</subfield>
      <subfield code="a">Jeux paralympiques d'hiver</subfield>
      <subfield code="2">rero</subfield>
    </datafield>
    <datafield tag="600" ind1="" ind2="">
      <subfield code="9">650_7</subfield>
      <subfield code="a">Sports</subfield>
      <subfield code="2">rero</subfield>
    </datafield>
    <datafield tag="600" ind1="" ind2="">
      <subfield code="9">650_7</subfield>
      <subfield code="a">Capitaines d'équipe sportive</subfield>
      <subfield code="2">rero</subfield>
    </datafield>
    <datafield tag="695" ind1="" ind2="">
      <subfield code="a">Jeux Paralympiques d'hiver ; Sotchi ; 2014 ; sport ; capitaine d'équipe ; manuel ; COJO</subfield>
      <subfield code="9">fre</subfield>
    </datafield>
    <datafield tag="695" ind1="" ind2="">
      <subfield code="a">Paralympic Winter Games ; Sochi ; 2014 ; sport ; team leader ; manual ; OCOG</subfield>
      <subfield code="9">eng</subfield>
    </datafield>
    <datafield tag="710" ind1="" ind2="">
      <subfield code="a">Organising Committee for the Olympic and Paralympic Winter Games in Sochi in 2014</subfield>
    </datafield>
    <datafield tag="711" ind1="" ind2="">
      <subfield code="a">Jeux olympiques d'hiver</subfield>
      <subfield code="c">Sochi</subfield>
      <subfield code="d">2014</subfield>
      <subfield code="n">22</subfield>
    </datafield>
    <datafield tag="919" ind1="" ind2="">
      <subfield code="a">IOC Olympic Studies Centre</subfield>
      <subfield code="b">Lausanne</subfield>
      <subfield code="d">doc.support@rero.ch</subfield>
    </datafield>
    <datafield tag="980" ind1="" ind2="">
      <subfield code="a">BOOK</subfield>
      <subfield code="b">CIO</subfield>
    </datafield>
    <datafield tag="990" ind1="" ind2="">
      <subfield code="a">20141017105021-NW</subfield>
    </datafield>
    <datafield tag="FFT" ind1="" ind2="">
      <subfield code="a">/Users/marietho/Devel/Virtualenvs/rerodoc/src/rerodoc/rerodoc/testsuite/data/record/232547/files/Alpine_Skiing_-_Team_Captains_Manual_1_.pdf</subfield>
      <subfield code="r"></subfield>
      <subfield code="d">Alpine skiing</subfield>
      <subfield code="z">order:1</subfield>
      <subfield code="n">Alpine_Skiing_-_Team_Captains_Manual_1_.pdf</subfield>
    </datafield>
    <datafield tag="FFT" ind1="" ind2="">
      <subfield code="a">/Users/marietho/Devel/Virtualenvs/rerodoc/src/rerodoc/rerodoc/testsuite/data/record/232547/files/Ice_Sledge_Hockey_-_Team_Leaders_Manual_1_.pdf</subfield>
      <subfield code="r"></subfield>
      <subfield code="d">Ice sledge hockey</subfield>
      <subfield code="z">order:2</subfield>
      <subfield code="n">Ice_Sledge_Hockey_-_Team_Leaders_Manual_1_.pdf</subfield>
    </datafield>
    <datafield tag="FFT" ind1="" ind2="">
      <subfield code="a">/Users/marietho/Devel/Virtualenvs/rerodoc/src/rerodoc/rerodoc/testsuite/data/record/232547/files/Nordic_Skiing_-_Team_Captains_Manual_1_.pdf</subfield>
      <subfield code="r"></subfield>
      <subfield code="d">Nordic skiing</subfield>
      <subfield code="z">order:3</subfield>
      <subfield code="n">Nordic_Skiing_-_Team_Captains_Manual_1_.pdf</subfield>
    </datafield>
    <datafield tag="FFT" ind1="" ind2="">
      <subfield code="a">/Users/marietho/Devel/Virtualenvs/rerodoc/src/rerodoc/rerodoc/testsuite/data/record/232547/files/Wheelchair_Curling_-_Team_Leaders_Manual_1_.pdf</subfield>
      <subfield code="r"></subfield>
      <subfield code="d">Wheelchair curling</subfield>
      <subfield code="z">order:4</subfield>
      <subfield code="n">Wheelchair_Curling_-_Team_Leaders_Manual_1_.pdf</subfield>
    </datafield>
  </record>