
  <record>
    <datafield tag="035" ind1="" ind2="">
      <subfield code="a">R007910095</subfield>
    </datafield>
    <datafield tag="041" ind1="" ind2="">
      <subfield code="a">fre</subfield>
    </datafield>
    <datafield tag="080" ind1="" ind2="">
      <subfield code="a">34</subfield>
    </datafield>
    <datafield tag="100" ind1="" ind2="">
      <subfield code="a">Conod, Philippe</subfield>
    </datafield>
    <datafield tag="245" ind1="" ind2="">
      <subfield code="a">Congé rénovation</subfield>
      <subfield code="9">fre</subfield>
    </datafield>
    <datafield tag="695" ind1="" ind2="">
      <subfield code="a">Résiliation ; art. 271 CO</subfield>
      <subfield code="9">fre</subfield>
    </datafield>
    <datafield tag="773" ind1="" ind2="">
      <subfield code="c">Université de Neuchâtel / Faculté de droit</subfield>
      <subfield code="t">http://www.bail.ch/</subfield>
      <subfield code="g">2014//Octobre/1-4</subfield>
      <subfield code="d">Université de Neuchâtel / Faculté de droit</subfield>
    </datafield>
    <datafield tag="775" ind1="" ind2="">
      <subfield code="g">Version publiée</subfield>
      <subfield code="o">http://www.bail.ch/fileadmin/media/images/Arrets_bail/2014_Newsletter_Octobre/4_14_Octobre_Analyse_4A_31-2014.pdf</subfield>
    </datafield>
    <datafield tag="918" ind1="" ind2="">
      <subfield code="a">Faculté de droit</subfield>
      <subfield code="b">Av. du 1er-Mars 26, 2000 Neuchâtel</subfield>
    </datafield>
    <datafield tag="919" ind1="" ind2="">
      <subfield code="a">Université de Neuchâtel</subfield>
      <subfield code="b">Neuchâtel</subfield>
      <subfield code="d">doc.support@rero.ch</subfield>
    </datafield>
    <datafield tag="980" ind1="" ind2="">
      <subfield code="a">POSTPRINT</subfield>
      <subfield code="b">UNINE</subfield>
      <subfield code="f">ART_JOURNAL</subfield>
    </datafield>
    <datafield tag="990" ind1="" ind2="">
      <subfield code="a">20141017104155-DB</subfield>
    </datafield>
    <datafield tag="FFT" ind1="" ind2="">
      <subfield code="a">/Users/marietho/Devel/Virtualenvs/rerodoc/src/rerodoc/rerodoc/testsuite/data/record/232546/files/Conod4_14_Octobre_Analyse_4A_31-2014octobre.pdf</subfield>
      <subfield code="r"></subfield>
      <subfield code="d">Texte intégral</subfield>
      <subfield code="z">order:1</subfield>
      <subfield code="n">Conod4_14_Octobre_Analyse_4A_31-2014octobre.pdf</subfield>
    </datafield>
  </record>