
  <record>
    <datafield tag="041" ind1="" ind2="">
      <subfield code="a">eng</subfield>
    </datafield>
    <datafield tag="080" ind1="" ind2="">
      <subfield code="a">33</subfield>
    </datafield>
    <datafield tag="100" ind1="" ind2="">
      <subfield code="a">Böhm, Sebastian</subfield>
    </datafield>
    <datafield tag="245" ind1="" ind2="">
      <subfield code="a">Does Public Education Expansion Lead to Trickle-Down Growth?</subfield>
      <subfield code="9">eng</subfield>
    </datafield>
    <datafield tag="269" ind1="" ind2="">
      <subfield code="c">2014-10-05</subfield>
    </datafield>
    <datafield tag="300" ind1="" ind2="">
      <subfield code="a">62</subfield>
    </datafield>
    <datafield tag="490" ind1="" ind2="">
      <subfield code="a">Working Papers SES</subfield>
      <subfield code="v">452</subfield>
    </datafield>
    <datafield tag="520" ind1="" ind2="">
      <subfield code="a">The paper revisits the debate on trickle-down growth in view of the widely discussed evolution of the earnings and income distribution that followed a massive expansion of higher education. We propose a dynamic general equilibrium model to dynamically evaluate whether economic growth triggered by an increase in public education expenditure on behalf of those with high learning ability eventually trickles down to low-ability workers and serves them better than redistributive transfers. Our results suggest that, in the shorter run, low-skilled workers lose. They are better off from promoting equally sized redistributive transfers. In the longer run, however, low-skilled workers eventually benefit more from the education policy. Interestingly, although the expansion of education leads to sustained increases in the skill premium, income inequality follows an inverted U-shaped evolution.</subfield>
      <subfield code="9">eng</subfield>
    </datafield>
    <datafield tag="695" ind1="" ind2="">
      <subfield code="a">Directed Technological Change ; Publicly Financed Education ; Redistributive Transfers ; Transitional Dynamics ; Trickle-Down Growth</subfield>
      <subfield code="9">eng</subfield>
    </datafield>
    <datafield tag="700" ind1="" ind2="">
      <subfield code="a">Grossmann, Volker</subfield>
    </datafield>
    <datafield tag="700" ind1="" ind2="">
      <subfield code="a">Steger, Thomas M.</subfield>
    </datafield>
    <datafield tag="775" ind1="" ind2="">
      <subfield code="g">Faculté SES</subfield>
      <subfield code="o">http://www.unifr.ch/ses/wp</subfield>
    </datafield>
    <datafield tag="918" ind1="" ind2="">
      <subfield code="a">Faculté des sciences économiques et sociales</subfield>
      <subfield code="b">Décanat, Av. de l'Europe 20, 1700 Fribourg</subfield>
    </datafield>
    <datafield tag="919" ind1="" ind2="">
      <subfield code="a">Université de Fribourg</subfield>
      <subfield code="b">Fribourg</subfield>
      <subfield code="d">doc.support@rero.ch</subfield>
    </datafield>
    <datafield tag="980" ind1="" ind2="">
      <subfield code="a">REPORT</subfield>
      <subfield code="b">UNIFR</subfield>
    </datafield>
    <datafield tag="982" ind1="" ind2="">
      <subfield code="a">Working Papers SES</subfield>
    </datafield>
    <datafield tag="990" ind1="" ind2="">
      <subfield code="a">20141017101131-GC</subfield>
    </datafield>
    <datafield tag="FFT" ind1="" ind2="">
      <subfield code="a">/Users/marietho/Devel/Virtualenvs/rerodoc/src/rerodoc/rerodoc/testsuite/data/record/232544/files/WP_SES_452.pdf</subfield>
      <subfield code="r"></subfield>
      <subfield code="d">Document</subfield>
      <subfield code="z">order:1</subfield>
      <subfield code="n">WP_SES_452.pdf</subfield>
    </datafield>
  </record>