
  <record>
    <datafield tag="035" ind1="" ind2="">
      <subfield code="a">R007909645</subfield>
    </datafield>
    <datafield tag="041" ind1="" ind2="">
      <subfield code="a">fre</subfield>
    </datafield>
    <datafield tag="080" ind1="" ind2="">
      <subfield code="a">616-083</subfield>
    </datafield>
    <datafield tag="100" ind1="" ind2="">
      <subfield code="a">Rodríguez López, Laura</subfield>
    </datafield>
    <datafield tag="245" ind1="" ind2="">
      <subfield code="a">L'adaptation émotionnelle des infirmiers lors de la prise en soins de patients âgés en fin de vie</subfield>
      <subfield code="9">fre</subfield>
      <subfield code="b">le rôle de l'expérience professionnelle : travail de Bachelor</subfield>
    </datafield>
    <datafield tag="300" ind1="" ind2="">
      <subfield code="a">105 f.</subfield>
    </datafield>
    <datafield tag="502" ind1="" ind2="">
      <subfield code="a">Mémoire de bachelor : Haute école de santé Genève, 2014</subfield>
      <subfield code="9">2014</subfield>
    </datafield>
    <datafield tag="520" ind1="" ind2="">
      <subfield code="a">Les projections démographiques de vieillissement de la population (Office fédéral de la statistique (OFS, 2010)) indiquent une future augmentation du nombre de personnes très âgées, vulnérables et en besoin de soins dans les 50 prochaines années. Compte tenu de la pénurie infirmière constatée (Heinz, 2004 ; Jaccard Ruedin et al., 2009 ; Janiszewski Goodin, 2003 ; Simoens et al., 2005) un nombre accru de prises en charge de personnes très âgées et proches de la mort est à considérer. Les soins de fin de vie pouvant être une source de stress et de souffrance (Dunn et al., 2005 ; Kuhn et al., 2011), les infirmiers engagent des stratégies de coping qui leur permettant d’y faire face et de maintenir une certaine stabilité émotionnelle (Cosnier et al., 1993). Le but de cette revue de littérature vise l’identification de ces stratégies et du rôle de l’expérience professionnelle dans l’élaboration de ces dernières. La « bonne mort », les soins palliatifs, les compétences en communication, la maîtrise de la relation d’aide, la juste distance et la notion de contrôle nous ont permis de mettre en évidence le rôle de l’expérience professionnelle sur l’adaptation émotionnelle des infirmiers lors de la prise en soins de patients âgés en fin de vie. La confrontation de ces concepts au modèle de l’adaptation de Roy (1986) nous a ensuite permis d’apprécier la pertinence de ces concepts au regard de la science infirmière. Les résultats obtenus clarifient les besoins des personnes âgées en fin de vie et les compétences infirmières devant être développées pour ajuster la démarche infirmière et ainsi satisfaire leurs besoins.</subfield>
      <subfield code="9">fre</subfield>
    </datafield>
    <datafield tag="600" ind1="" ind2="">
      <subfield code="9">650_7</subfield>
      <subfield code="a">Malades en phase terminale</subfield>
      <subfield code="2">rero</subfield>
    </datafield>
    <datafield tag="600" ind1="" ind2="">
      <subfield code="9">650_7</subfield>
      <subfield code="a">Personnes âgées</subfield>
      <subfield code="2">rero</subfield>
    </datafield>
    <datafield tag="600" ind1="" ind2="">
      <subfield code="9">650_7</subfield>
      <subfield code="a">Ajustement (psychologie)</subfield>
      <subfield code="2">rero</subfield>
    </datafield>
    <datafield tag="600" ind1="" ind2="">
      <subfield code="9">650_7</subfield>
      <subfield code="a">Infirmières</subfield>
      <subfield code="2">rero</subfield>
    </datafield>
    <datafield tag="600" ind1="" ind2="">
      <subfield code="9">650_7</subfield>
      <subfield code="a">Mort</subfield>
      <subfield code="2">rero</subfield>
    </datafield>
    <datafield tag="695" ind1="" ind2="">
      <subfield code="a">Infirmiers ; Mort ; Personnes âgées ; Adaptation ; Faire face</subfield>
      <subfield code="9">fre</subfield>
    </datafield>
    <datafield tag="695" ind1="" ind2="">
      <subfield code="a">Nurses ; Death ; Older people ; Adaptation ; Coping</subfield>
      <subfield code="9">eng</subfield>
    </datafield>
    <datafield tag="700" ind1="" ind2="">
      <subfield code="a">Ludwig, Catherine</subfield>
      <subfield code="e">Dir.</subfield>
    </datafield>
    <datafield tag="918" ind1="" ind2="">
      <subfield code="a">Haute école de santé Genève</subfield>
      <subfield code="b">Avenue de Champel 47, 1906 Genève</subfield>
    </datafield>
    <datafield tag="919" ind1="" ind2="">
      <subfield code="a">Haute école de santé Genève</subfield>
      <subfield code="b">Genève</subfield>
      <subfield code="d">doc.support@rero.ch</subfield>
    </datafield>
    <datafield tag="980" ind1="" ind2="">
      <subfield code="a">DISSERTATION</subfield>
      <subfield code="b">HEDSGE</subfield>
      <subfield code="f">DISS_BACHELOR</subfield>
    </datafield>
    <datafield tag="990" ind1="" ind2="">
      <subfield code="a">20141016153422-DD</subfield>
    </datafield>
    <datafield tag="FFT" ind1="" ind2="">
      <subfield code="a">/Users/marietho/Devel/Virtualenvs/rerodoc/src/rerodoc/rerodoc/testsuite/data/record/232543/files/BSNThesisRodriguezLopez.pdf</subfield>
      <subfield code="r"></subfield>
      <subfield code="d">Texte intégral</subfield>
      <subfield code="z">order:1</subfield>
      <subfield code="n">BSNThesisRodriguezLopez.pdf</subfield>
    </datafield>
  </record>