
  <record>
    <datafield tag="024" ind1="7" ind2="">
      <subfield code="a">urn:nbn:ch:rero-002-113309</subfield>
      <subfield code="2">urn</subfield>
    </datafield>
    <datafield tag="035" ind1="" ind2="">
      <subfield code="a">R007793067</subfield>
    </datafield>
    <datafield tag="041" ind1="" ind2="">
      <subfield code="a">fre</subfield>
    </datafield>
    <datafield tag="080" ind1="" ind2="">
      <subfield code="a">2</subfield>
    </datafield>
    <datafield tag="100" ind1="" ind2="">
      <subfield code="a">Porrino, Giovanna Maria</subfield>
      <subfield code="d">27.02.1955</subfield>
    </datafield>
    <datafield tag="245" ind1="" ind2="">
      <subfield code="a">Le poids et la gloire</subfield>
      <subfield code="9">fre</subfield>
      <subfield code="b">gloire de Dieu, gloire de l'homme : la racine "dvkh" spécialement dans les livres des Proverbes, de la Genèse, de l'Exode et des Psaumes : essai de théologie biblique</subfield>
    </datafield>
    <datafield tag="300" ind1="" ind2="">
      <subfield code="a">536 p.</subfield>
    </datafield>
    <datafield tag="500" ind1="" ind2="">
      <subfield code="a">Ressource en ligne consultée le 07.07.2014</subfield>
    </datafield>
    <datafield tag="502" ind1="" ind2="">
      <subfield code="a">Thèse de doctorat : Université de Fribourg, 2014</subfield>
      <subfield code="9">2014-05-27</subfield>
    </datafield>
    <datafield tag="506" ind1="" ind2="">
      <subfield code="f">free</subfield>
    </datafield>
    <datafield tag="600" ind1="" ind2="">
      <subfield code="9">630_7</subfield>
      <subfield code="a">&amp;#34;Bible.</subfield>
      <subfield code="2">rero</subfield>
    </datafield>
    <datafield tag="600" ind1="" ind2="">
      <subfield code="9">650_7</subfield>
      <subfield code="a">Gloire</subfield>
      <subfield code="2">rero</subfield>
    </datafield>
    <datafield tag="700" ind1="" ind2="">
      <subfield code="a">Lefebvre, Philippe</subfield>
      <subfield code="e">Dir.</subfield>
    </datafield>
    <datafield tag="918" ind1="" ind2="">
      <subfield code="a">Faculté de théologie</subfield>
      <subfield code="b">Décanat, Av. de l'Europe 20, 1700 Fribourg</subfield>
    </datafield>
    <datafield tag="919" ind1="" ind2="">
      <subfield code="a">Université de Fribourg</subfield>
      <subfield code="b">Fribourg</subfield>
      <subfield code="d">doc.support@rero.ch</subfield>
    </datafield>
    <datafield tag="980" ind1="" ind2="">
      <subfield code="a">THESIS</subfield>
      <subfield code="b">UNIFR</subfield>
      <subfield code="f">TH_PHD</subfield>
    </datafield>
    <datafield tag="990" ind1="" ind2="">
      <subfield code="a">20141016150153-NV</subfield>
    </datafield>
    <datafield tag="FFT" ind1="" ind2="">
      <subfield code="a">/Users/marietho/Devel/Virtualenvs/rerodoc/src/rerodoc/rerodoc/testsuite/data/record/232542/files/PorrinoGM.pdf</subfield>
      <subfield code="r"></subfield>
      <subfield code="d">Texte intégral</subfield>
      <subfield code="z">order:1</subfield>
      <subfield code="n">PorrinoGM.pdf</subfield>
    </datafield>
  </record>