
  <record>
    <datafield tag="024" ind1="7" ind2="">
      <subfield code="a">urn:nbn:ch:rero-002-113297</subfield>
      <subfield code="2">urn</subfield>
    </datafield>
    <datafield tag="035" ind1="" ind2="">
      <subfield code="a">R007781014</subfield>
    </datafield>
    <datafield tag="041" ind1="" ind2="">
      <subfield code="a">fre</subfield>
    </datafield>
    <datafield tag="080" ind1="" ind2="">
      <subfield code="a">37</subfield>
    </datafield>
    <datafield tag="100" ind1="" ind2="">
      <subfield code="a">Lambert, Marie</subfield>
      <subfield code="d">1981-10-05</subfield>
    </datafield>
    <datafield tag="245" ind1="" ind2="">
      <subfield code="a">Etre assistant et se développer professionnellement?</subfield>
      <subfield code="9">fre</subfield>
      <subfield code="b">recherche descriptive et compréhensive sur le développement professionnel des assistants à l'Université de Fribourg</subfield>
    </datafield>
    <datafield tag="300" ind1="" ind2="">
      <subfield code="a">IX + 368 p.</subfield>
    </datafield>
    <datafield tag="500" ind1="" ind2="">
      <subfield code="a">Ressource en ligne consultée le 26.06.2014</subfield>
    </datafield>
    <datafield tag="502" ind1="" ind2="">
      <subfield code="a">Thèse de doctorat : Université de Fribourg, 2013</subfield>
      <subfield code="9">2013-12-17</subfield>
    </datafield>
    <datafield tag="506" ind1="" ind2="">
      <subfield code="f">free</subfield>
    </datafield>
    <datafield tag="520" ind1="" ind2="">
      <subfield code="a">En Suisse comme dans d’autres pays, les universités et hautes écoles emploient de nombreux assistants. Partageant leur temps entre leur thèse de doctorat et diverses tâches pédagogiques et administratives, engagés pour une durée limitée, ils se situent dans une phase clé de leur parcours professionnel. En tant qu’enseignants et chercheurs débutants, ils rencontrent des difficultés particulières qui nécessitent un soutien adapté. Mais l’assistanat s’avère aussi une période très riche en apprentissages. Les expériences des assistants mettent donc en évidence de nombreux côtés positifs, qu’il s’agit de reconnaître et de valoriser, ainsi que des côtés négatifs, auxquels il s’agit de remédier. Or, même si les assistants représentent une force de travail nécessaire au bon fonctionnement des institutions d’enseignement supérieur, on constate un grand déficit de recherches à leur sujet en Europe et en Suisse. Les études tentant de saisir la complexité des expériences réalisées durant l’assistanat font particulièrement défaut, la plupart des recherches se concentrant sur un aspect spécifique du système. Adoptant le point de vue des assistants, cette thèse se propose d’étudier leur développement professionnel dans les deux domaines principaux de l’enseignement et de la recherche, qui constituent le coeur de leur activité. L’objectif étant toutefois de considérer l’assistanat dans sa globalité, nous prenons également en compte d’autres aspects comme par exemple la gestion des tâches administratives et annexes ou l’organisation de l’emploi du temps. Cette recherche vise principalement à décrire et à comprendre le processus de développement professionnel vécu par les assistants à l’Université de Fribourg. Pour ce faire, un design de type mixte a été choisi, combinant une étude quantitative et une étude qualitative. Au moyen d’un questionnaire, puis d’entretiens individuels, quatre grandes dimensions ont été examinées : les buts poursuivis par les assistants, les conditions de leur développement professionnel, les stratégies mises en oeuvre et les apprentissages réalisés. Les résultats montrent que l’assistanat constitue une période très favorable au développement professionnel des assistants dans de nombreux domaines et à plusieurs niveaux. Ceci dépend néanmoins de multiples conditions, tant individuelles qu’organisationnelles, se combinant pour former des configurations spécifiques pour chaque personne. A l’issue de cette thèse, des recommandations seront formulées à l’égard des divers acteurs pouvant favoriser le développement professionnel des assistants : superviseurs, assistants eux-mêmes, dirigeants institutionnels, et personnes organisant des offres de soutien aux activités d’enseignement et de recherche pour les assistants.</subfield>
      <subfield code="9">fre</subfield>
    </datafield>
    <datafield tag="600" ind1="" ind2="">
      <subfield code="9">61027</subfield>
      <subfield code="a">Université de Fribourg</subfield>
      <subfield code="2">rero</subfield>
    </datafield>
    <datafield tag="600" ind1="" ind2="">
      <subfield code="9">650_7</subfield>
      <subfield code="a">Réalisation de soi</subfield>
      <subfield code="2">rero</subfield>
    </datafield>
    <datafield tag="600" ind1="" ind2="">
      <subfield code="9">650_7</subfield>
      <subfield code="a">Satisfaction au travail</subfield>
      <subfield code="2">rero</subfield>
    </datafield>
    <datafield tag="600" ind1="" ind2="">
      <subfield code="9">650_7</subfield>
      <subfield code="a">Professions</subfield>
      <subfield code="2">rero</subfield>
    </datafield>
    <datafield tag="600" ind1="" ind2="">
      <subfield code="9">650_7</subfield>
      <subfield code="a">Doctorants</subfield>
      <subfield code="2">rero</subfield>
    </datafield>
    <datafield tag="600" ind1="" ind2="">
      <subfield code="9">650_7</subfield>
      <subfield code="a">Assistants (système éducatif suisse)</subfield>
      <subfield code="2">rero</subfield>
    </datafield>
    <datafield tag="700" ind1="" ind2="">
      <subfield code="a">Pasquier Charlier, Bernadette</subfield>
      <subfield code="e">Dir.</subfield>
    </datafield>
    <datafield tag="918" ind1="" ind2="">
      <subfield code="a">Faculté des lettres</subfield>
      <subfield code="b">Décanat, Av. de l'Europe 20, 1700 Fribourg</subfield>
    </datafield>
    <datafield tag="919" ind1="" ind2="">
      <subfield code="a">Université de Fribourg</subfield>
      <subfield code="b">Fribourg</subfield>
      <subfield code="d">doc.support@rero.ch</subfield>
    </datafield>
    <datafield tag="980" ind1="" ind2="">
      <subfield code="a">THESIS</subfield>
      <subfield code="b">UNIFR</subfield>
      <subfield code="f">TH_PHD</subfield>
    </datafield>
    <datafield tag="990" ind1="" ind2="">
      <subfield code="a">20141016124338-DV</subfield>
    </datafield>
    <datafield tag="FFT" ind1="" ind2="">
      <subfield code="a">/Users/marietho/Devel/Virtualenvs/rerodoc/src/rerodoc/rerodoc/testsuite/data/record/232541/files/LambertM.pdf</subfield>
      <subfield code="r"></subfield>
      <subfield code="d">Texte intégral</subfield>
      <subfield code="z">order:1</subfield>
      <subfield code="n">LambertM.pdf</subfield>
    </datafield>
    <datafield tag="FFT" ind1="" ind2="">
      <subfield code="a">/Users/marietho/Devel/Virtualenvs/rerodoc/src/rerodoc/rerodoc/testsuite/data/record/232541/files/LambertM_annexe.pdf</subfield>
      <subfield code="r"></subfield>
      <subfield code="d">Texte intégral</subfield>
      <subfield code="z">order:2</subfield>
      <subfield code="n">LambertM_annexe.pdf</subfield>
    </datafield>
  </record>