
  <record>
    <datafield tag="041" ind1="" ind2="">
      <subfield code="a">fre</subfield>
    </datafield>
    <datafield tag="080" ind1="" ind2="">
      <subfield code="a">37</subfield>
    </datafield>
    <datafield tag="100" ind1="" ind2="">
      <subfield code="a">Hess, Anne-Claude</subfield>
      <subfield code="u">HEP Fribourg, Service de la recherche / PH Freiburg, Forschungsstelle</subfield>
    </datafield>
    <datafield tag="245" ind1="" ind2="">
      <subfield code="a">Former les enseignants et les élèves à la méthode aporétique</subfield>
      <subfield code="9">fre</subfield>
    </datafield>
    <datafield tag="269" ind1="" ind2="">
      <subfield code="c">2010</subfield>
    </datafield>
    <datafield tag="695" ind1="" ind2="">
      <subfield code="a">Formation des enseignants ; formation à la méthode aporétique ; animation en philosophie pour enfants ; Suisse</subfield>
      <subfield code="9">fre</subfield>
    </datafield>
    <datafield tag="773" ind1="" ind2="">
      <subfield code="t">Diotime</subfield>
      <subfield code="g">2010/46//1-4</subfield>
    </datafield>
    <datafield tag="919" ind1="" ind2="">
      <subfield code="a">Haute Ecole pédagogique Fribourg</subfield>
      <subfield code="b">Fribourg</subfield>
      <subfield code="d">doc.support@rero.ch</subfield>
    </datafield>
    <datafield tag="980" ind1="" ind2="">
      <subfield code="a">POSTPRINT</subfield>
      <subfield code="b">HEPFR</subfield>
      <subfield code="f">ART_JOURNAL</subfield>
    </datafield>
    <datafield tag="990" ind1="" ind2="">
      <subfield code="a">20141015191607-MD</subfield>
    </datafield>
    <datafield tag="FFT" ind1="" ind2="">
      <subfield code="a">/Users/marietho/Devel/Virtualenvs/rerodoc/src/rerodoc/rerodoc/testsuite/data/record/232540/files/03_Hess_AC_2009_methode_analyse_interlocutoire_CHILDHOOD.pdf</subfield>
      <subfield code="r"></subfield>
      <subfield code="d">Texte intégral</subfield>
      <subfield code="z">order:1</subfield>
      <subfield code="n">03_Hess_AC_2009_methode_analyse_interlocutoire_CHILDHOOD.pdf</subfield>
    </datafield>
  </record>