
  <record>
    <datafield tag="041" ind1="" ind2="">
      <subfield code="a">fre</subfield>
    </datafield>
    <datafield tag="080" ind1="" ind2="">
      <subfield code="a">37</subfield>
    </datafield>
    <datafield tag="100" ind1="" ind2="">
      <subfield code="a">Ducotterd, Jean</subfield>
      <subfield code="u">HEP Fribourg, Service de la recherche / PH Freiburg, Forschungsstelle</subfield>
    </datafield>
    <datafield tag="245" ind1="" ind2="">
      <subfield code="a">La qualité de l'enseignement, une histoire de philosophie</subfield>
      <subfield code="9">fre</subfield>
    </datafield>
    <datafield tag="269" ind1="" ind2="">
      <subfield code="c">2011</subfield>
    </datafield>
    <datafield tag="695" ind1="" ind2="">
      <subfield code="a">Qualité de la formation ; projet d'établissement ; philosophie pour enfant et adolescents (PPEA)</subfield>
      <subfield code="9">fre</subfield>
    </datafield>
    <datafield tag="700" ind1="" ind2="">
      <subfield code="a">Hess, Anne-Claude</subfield>
      <subfield code="u">HEP Fribourg, Service de la recherche / PH Freiburg, Forschungsstelle</subfield>
    </datafield>
    <datafield tag="773" ind1="" ind2="">
      <subfield code="t">Diotime</subfield>
      <subfield code="g">2011/48//1-6</subfield>
    </datafield>
    <datafield tag="919" ind1="" ind2="">
      <subfield code="a">Haute Ecole pédagogique Fribourg</subfield>
      <subfield code="b">Fribourg</subfield>
      <subfield code="d">doc.support@rero.ch</subfield>
    </datafield>
    <datafield tag="980" ind1="" ind2="">
      <subfield code="a">POSTPRINT</subfield>
      <subfield code="b">HEPFR</subfield>
      <subfield code="f">ART_JOURNAL</subfield>
    </datafield>
    <datafield tag="990" ind1="" ind2="">
      <subfield code="a">20141015190848-FL</subfield>
    </datafield>
    <datafield tag="FFT" ind1="" ind2="">
      <subfield code="a">/Users/marietho/Devel/Virtualenvs/rerodoc/src/rerodoc/rerodoc/testsuite/data/record/232539/files/02_Hess_AC_2011_qualite_enseignement_histoire_philosophie_DIOTIME.pdf</subfield>
      <subfield code="r"></subfield>
      <subfield code="d">Texte intégral</subfield>
      <subfield code="z">order:1</subfield>
      <subfield code="n">02_Hess_AC_2011_qualite_enseignement_histoire_philosophie_DIOTIME.pdf</subfield>
    </datafield>
  </record>