
  <record>
    <datafield tag="041" ind1="" ind2="">
      <subfield code="a">fre</subfield>
    </datafield>
    <datafield tag="080" ind1="" ind2="">
      <subfield code="a">37</subfield>
    </datafield>
    <datafield tag="100" ind1="" ind2="">
      <subfield code="a">Hess, Anne-Claude</subfield>
      <subfield code="u">HEP Fribourg, Service de la recherche / PH Freiburg, Forschungsstelle</subfield>
    </datafield>
    <datafield tag="245" ind1="" ind2="">
      <subfield code="a">L’encadrement aporétique en PPEA ou comment faire progresser la pensée des enfants et des adolescents en mettant leur entendement dans l’embarras</subfield>
      <subfield code="9">fre</subfield>
    </datafield>
    <datafield tag="246" ind1="" ind2="">
      <subfield code="a">Aporetic support in Philosophy for Children and Adolescents (PPEA) or how to improve children and teenagers thinking by putting their understanding in embarrassment</subfield>
      <subfield code="9">eng</subfield>
    </datafield>
    <datafield tag="269" ind1="" ind2="">
      <subfield code="c">2014</subfield>
    </datafield>
    <datafield tag="520" ind1="" ind2="">
      <subfield code="a">Développer la pensée critique des jeunes, dans la perspective d’en faire des adultes capables de penser de façon autonome, voilà l’idée-force que poursuivent de nombreux acteurs du monde de l’éducation et de l’enseignement. Reste à mettre en oeuvre les moyens d’atteindre cette finalité. La pratique de la PPEA est à ce titre un médium privilégié pour y parvenir. Parmi les méthodes mettant en scène une communauté de recherche attelée à philosopher, l’encadrement aporétique privilégie l’émergence des mises en opposition, des divergences de points de vue, des limites de raisonnement, et autres contradictions de la réflexion des jeunes impliqués dans la discussion philosophique. Il cultive l’aporie, en supposant que la rencontre avec l’altérité rend patent l’approfondissement de la pensée, encourageant celle-ci à sortir de l’embarras dans laquelle elle se retrouve forcément. Il s’agit ici, dans un premier temps, de présenter les fondements théoriques de l’encadrement aporétique que sont le platonisme et son dialogue socratique, la logique d’inférence et son cheminement opératoire d’identifications conceptuelles reposant sur l’opposition, le socioconstructivisme et son conflit socio-cognitif, et la théorie des actes de langage et ses valeurs illocutoires et perlocutoires. Dans un second temps, il s’agit d’exposer la praticabilité de l’encadrement aporétique en PPEA, en évoquant l’état d’esprit, mais aussi les outils d’animation, que l’animateur doit adopter pour jouer de l’aporie comme d’un levier facilitant l’autonomie de penser des jeunes bénéficiant d’un tel encadrement.</subfield>
      <subfield code="9">fre</subfield>
    </datafield>
    <datafield tag="520" ind1="" ind2="">
      <subfield code="a">To develop children’s critical thinking to make them able to think autonomously, here is the goal many educational actors try to reach. This finality can be reached using appropriate methods. Practicing Philosophy for Children is as such a favoured method to reach this goal. Among the methods featuring a research community that philosophises, aporetic support favours the emergence of contrast, differences of perspective, reasoning limitations, and others reasoning contradictions among the children involved in the philosophic discussion. It uses the aporia1, if we suppose that meeting the otherness makes the deepening of thinking patent, encouraging it to get out of the trouble it is in. In a first time, we will present the theoretical fundaments of aporetic support that are Platonism and its Socratic dialogue, the inference logic and its operational process of conceptual identifications premised on opposition, the social constructivism and its sociocognitive conflict, and the speech act theory and its illocutionary and perlocutionary values. In a second time, we will present the practicability of aporetic support in Philosophy for Children, evoking the state of mind, but also the tools that the adult has to use to lead a discussion and master aporia as if he was controlling a lever facilitating the autonomous thinking of children.</subfield>
      <subfield code="9">eng</subfield>
    </datafield>
    <datafield tag="520" ind1="" ind2="">
      <subfield code="a">Desarrollar el pensamiento crítico de los jóvenes para que se tornen adultos que pueden pensar de manera autónoma es la idea fuerza que persiguen muchos actores en el mundo de la educación y la enseñanza. Resta implementar los medios para lograr este propósito. En este sentido, la práctica de la PPEA es un medio ideal para lograrlo. Entre los métodos que ofrece una comunidad de investigación al filosofar, el encuadramiento aporético favorece la aparición de un conjunto de oposiciones, diferentes puntos de vista, límites del razonamiento, y otras contradicciones reflexivas de los jóvenes que participan en la discusión filosófica. La PPEA cultiva la aporía, suponiendo que el encuentro con la alteridad permite hacer patente la profundización del pensamiento, animando a dejar la vergüenza en la que se encuentra enlazado. En este texto se trata, en primer lugar, de presentar los fundamentos teóricos del encuadramiento aporético, que son el platonismo y el diálogo socrático, la inferencia lógica y el caminar operatorio de las identificaciones conceptuales que se basan en la oposición, el socio-constructivismo y su conflicto socio-cognitivo, y la teoría de los actos de habla y sus valores ilocucionarios y perlocucionarios. En un segundo momento, se expone la viabilidad del encuadramiento aporetico de la PPEA, evocando el estado de espíritu, pero también las herramientas de animación que el facilitador debe adoptar para hacer de la aporía una palanca para facilitar la autonomía en el pensar de los jóvenes que disfrutan de ese marco.</subfield>
      <subfield code="9">spa</subfield>
    </datafield>
    <datafield tag="520" ind1="" ind2="">
      <subfield code="a">Desenvolver o pensamento crítico dos jovens, na perspectiva de fazer deles adultos capazes de pensar de maneira autônoma, eis a ideia forte que perseguem muitos atores do mundo da educação e do ensino. Resta colocar em prática os meios de atingir essa finalidade. A prática da PPEA é nesse sentido um meio privilegiado para conseguir. Por entre os métodos que põem em cena uma comunidade de investigação ocupada em filosofar, o enquadramento aporético privilegia a emergência das oposições, das divergências de ponto de vista, dos limites do raciocínio, e outras contradições da reflexão dos jovens implicados na discussão filosófica. Ele cultiva a aporia, supondo que o encontro com a alteridade torna patente o aprofundamento do pensamento, encorajando-o a se sair da dificuldade em que acaba forçosamente se encontrando. Trata-se aqui, em um primeiro tempo, de apresentar os fundamentos teóricos do enquadramento aporético que são o platonismo e o seu diálogo socrático, a lógica da inferência e seu caminho operatório de identificações conceituais que repousam na oposição, o socioconstrutivismo e o seu conflito sócio-cognitivo, e a teoria dos atos de fala e seus valores ilocutórios e perlocutórios. Em um segundo tempo, trata-se de expor a praticabilidade do enquadramento aporético em PPEA, evocando o estado de espírito, mas também as ferramentas de animação, que o animador deve adotar para lidar com a aporia como se fosse uma alavanca que facilita a autonomia de pensamento dos jovens que beneficiam de tal enquadramento.</subfield>
      <subfield code="9">por</subfield>
    </datafield>
    <datafield tag="695" ind1="" ind2="">
      <subfield code="a">Aporie ; logique d’inférence ; socioconstructivisme ; actes de langage ; animation en
philosophie pour enfants et adolescents</subfield>
      <subfield code="9">fre</subfield>
    </datafield>
    <datafield tag="695" ind1="" ind2="">
      <subfield code="a">Aporia ; logical inference ; socioconstructivism ; speech acts ; to think autonomously ; Practice in Philosophy for Children and young people</subfield>
      <subfield code="9">eng</subfield>
    </datafield>
    <datafield tag="695" ind1="" ind2="">
      <subfield code="a">Aporía ; inferencia lógica ; constructivismo social ; actos de habla ; práctica de
filosofía para niños y adolescentes</subfield>
      <subfield code="9">spa</subfield>
    </datafield>
    <datafield tag="695" ind1="" ind2="">
      <subfield code="a">Aporia ; inferência lógica ; construtivismo social ; atos de fala ; prática de
filosofia para crianças e adolescentes</subfield>
      <subfield code="9">por</subfield>
    </datafield>
    <datafield tag="773" ind1="" ind2="">
      <subfield code="t">Childhood and philosophy</subfield>
      <subfield code="g">2014/10/19/55-86</subfield>
    </datafield>
    <datafield tag="775" ind1="" ind2="">
      <subfield code="g">Version de l'éditeur : http://www.periodicos.proped.pro.br/index.php/childhood/article/view/1603/1235</subfield>
    </datafield>
    <datafield tag="919" ind1="" ind2="">
      <subfield code="a">Haute Ecole pédagogique Fribourg</subfield>
      <subfield code="b">Fribourg</subfield>
      <subfield code="d">doc.support@rero.ch</subfield>
    </datafield>
    <datafield tag="980" ind1="" ind2="">
      <subfield code="a">POSTPRINT</subfield>
      <subfield code="b">HEPFR</subfield>
      <subfield code="f">ART_JOURNAL</subfield>
    </datafield>
    <datafield tag="990" ind1="" ind2="">
      <subfield code="a">20141015180643-SU</subfield>
    </datafield>
    <datafield tag="FFT" ind1="" ind2="">
      <subfield code="a">/Users/marietho/Devel/Virtualenvs/rerodoc/src/rerodoc/rerodoc/testsuite/data/record/232538/files/01_Hess_AC_2014_encadrement_aporetique_en_ppea_CHILDHOOD_1_.pdf</subfield>
      <subfield code="r"></subfield>
      <subfield code="d">Texte intégral</subfield>
      <subfield code="z">order:1</subfield>
      <subfield code="n">01_Hess_AC_2014_encadrement_aporetique_en_ppea_CHILDHOOD_1_.pdf</subfield>
    </datafield>
  </record>