
  <record>
    <datafield tag="035" ind1="" ind2="">
      <subfield code="a">R007907950</subfield>
    </datafield>
    <datafield tag="041" ind1="" ind2="">
      <subfield code="a">eng</subfield>
    </datafield>
    <datafield tag="080" ind1="" ind2="">
      <subfield code="a">55/56</subfield>
    </datafield>
    <datafield tag="100" ind1="" ind2="">
      <subfield code="a">Coria, Rodolfo A.</subfield>
    </datafield>
    <datafield tag="245" ind1="" ind2="">
      <subfield code="a">On a monospecific assemblage of sauropod dinosaurs from Patagonia</subfield>
      <subfield code="9">eng</subfield>
      <subfield code="b">implications for gregarious behavior</subfield>
    </datafield>
    <datafield tag="269" ind1="" ind2="">
      <subfield code="c">1994</subfield>
    </datafield>
    <datafield tag="600" ind1="" ind2="">
      <subfield code="9">650_7</subfield>
      <subfield code="a">Dinosaures</subfield>
      <subfield code="2">rero</subfield>
    </datafield>
    <datafield tag="600" ind1="" ind2="">
      <subfield code="9">650_7</subfield>
      <subfield code="a">Saurischiens</subfield>
      <subfield code="2">rero</subfield>
    </datafield>
    <datafield tag="600" ind1="" ind2="">
      <subfield code="9">650_7</subfield>
      <subfield code="a">Comportement social des animaux</subfield>
      <subfield code="2">rero</subfield>
    </datafield>
    <datafield tag="600" ind1="" ind2="">
      <subfield code="9">650_7</subfield>
      <subfield code="a">Paléozoologie</subfield>
      <subfield code="2">rero</subfield>
    </datafield>
    <datafield tag="600" ind1="" ind2="">
      <subfield code="9">651_7</subfield>
      <subfield code="a">Patagonie (Argentine)</subfield>
      <subfield code="2">rero</subfield>
    </datafield>
    <datafield tag="773" ind1="" ind2="">
      <subfield code="t">GAIA: revista de geociências</subfield>
      <subfield code="g">1994//10/209-213</subfield>
      <subfield code="d">Museu Nacional de Historia Natural</subfield>
    </datafield>
    <datafield tag="919" ind1="" ind2="">
      <subfield code="a">Bibliothèque cantonale jurassienne</subfield>
      <subfield code="b">Porrentruy</subfield>
      <subfield code="d">doc.support@rero.ch</subfield>
    </datafield>
    <datafield tag="980" ind1="" ind2="">
      <subfield code="a">POSTPRINT</subfield>
      <subfield code="b">BICJ</subfield>
      <subfield code="f">ART_JOURNAL</subfield>
    </datafield>
    <datafield tag="982" ind1="" ind2="">
      <subfield code="a">Collection Paléontologie Jura</subfield>
    </datafield>
    <datafield tag="990" ind1="" ind2="">
      <subfield code="a">20141015090915-PI</subfield>
    </datafield>
    <datafield tag="FFT" ind1="" ind2="">
      <subfield code="a">/Users/marietho/Devel/Virtualenvs/rerodoc/src/rerodoc/rerodoc/testsuite/data/record/232536/files/PAL_E4482.pdf</subfield>
      <subfield code="r"></subfield>
      <subfield code="d">Texte intégral</subfield>
      <subfield code="z">order:1</subfield>
      <subfield code="n">PAL_E4482.pdf</subfield>
    </datafield>
  </record>