
  <record>
    <datafield tag="041" ind1="" ind2="">
      <subfield code="a">eng</subfield>
    </datafield>
    <datafield tag="080" ind1="" ind2="">
      <subfield code="a">57</subfield>
    </datafield>
    <datafield tag="100" ind1="" ind2="">
      <subfield code="a">Siegenthaler, Paul-André</subfield>
      <subfield code="u">Laboratoire de physiologie végétale, Université de Neuchâtel, Switzerland</subfield>
    </datafield>
    <datafield tag="245" ind1="" ind2="">
      <subfield code="a">Variations of adenyl nucleotide content in two potato cultivars stored at 15	°C. I. Method for the determination of ATP level and first results</subfield>
      <subfield code="9">eng</subfield>
    </datafield>
    <datafield tag="520" ind1="" ind2="">
      <subfield code="a">A method for determining ATP content based on sulfuric acid extraction and luciferin-luciferase bioluminescence assay was developed for potato tubers. The inactivation of apyrase by a thermal treatment as well as the ATP stability in acidic potato extracts stored at -25°C have been particularly considered. The proposed method is simple, reliable, sensitive and can be used for automatic purposes. This method has been applied to the study of the variation of ATP levels in stored potato tubers (cvs Ukama and Granola). The large changes occurring over a 9 month period are discussed in correlation with dormancy, sprouting and tuberization.</subfield>
      <subfield code="9">eng</subfield>
    </datafield>
    <datafield tag="695" ind1="" ind2="">
      <subfield code="a">Aging ; apyrase ; ATP ; bioluminescence ; bioenergetic metabolism ; luciferase ; luciferin ; &lt;i&gt;Solanum tuberosum&lt;/i&gt; L.</subfield>
      <subfield code="9">eng</subfield>
    </datafield>
    <datafield tag="700" ind1="" ind2="">
      <subfield code="a">Biotto, C</subfield>
      <subfield code="u">Laboratoire de physiologie végétale, Université de Neuchâtel, Switzerland</subfield>
    </datafield>
    <datafield tag="773" ind1="" ind2="">
      <subfield code="t">Potato Research</subfield>
      <subfield code="g">1994/37//151-160</subfield>
      <subfield code="d">Springer</subfield>
    </datafield>
    <datafield tag="775" ind1="" ind2="">
      <subfield code="g">Published Version</subfield>
      <subfield code="o">http://dx.doi.org/10.1007/BF02358716</subfield>
    </datafield>
    <datafield tag="918" ind1="" ind2="">
      <subfield code="a">Faculté des sciences</subfield>
      <subfield code="b">Rue Emile-Argand 11, 2007 Neuchâtel</subfield>
    </datafield>
    <datafield tag="919" ind1="" ind2="">
      <subfield code="a">Université de Neuchâtel</subfield>
      <subfield code="b">Neuchâtel</subfield>
      <subfield code="d">doc.support@rero.ch</subfield>
    </datafield>
    <datafield tag="980" ind1="" ind2="">
      <subfield code="a">POSTPRINT</subfield>
      <subfield code="b">UNINE</subfield>
      <subfield code="f">ART_JOURNAL</subfield>
    </datafield>
    <datafield tag="990" ind1="" ind2="">
      <subfield code="a">20141014153653-XH</subfield>
    </datafield>
    <datafield tag="FFT" ind1="" ind2="">
      <subfield code="a">/Users/marietho/Devel/Virtualenvs/rerodoc/src/rerodoc/rerodoc/testsuite/data/record/232487/files/Siegenthaler_P.A.-Variations_of_adeny-20141014.pdf</subfield>
      <subfield code="r"></subfield>
      <subfield code="d">Texte intégral</subfield>
      <subfield code="z">order:1</subfield>
      <subfield code="n">Siegenthaler_P.A.-Variations_of_adeny-20141014.pdf</subfield>
    </datafield>
  </record>