
  <record>
    <datafield tag="035" ind1="" ind2="">
      <subfield code="a">R007846763</subfield>
    </datafield>
    <datafield tag="041" ind1="" ind2="">
      <subfield code="a">eng</subfield>
    </datafield>
    <datafield tag="080" ind1="" ind2="">
      <subfield code="a">796</subfield>
    </datafield>
    <datafield tag="245" ind1="" ind2="">
      <subfield code="a">NPC chefs de mission manual</subfield>
      <subfield code="9">eng</subfield>
      <subfield code="b">Sochi 2014</subfield>
    </datafield>
    <datafield tag="260" ind1="" ind2="">
      <subfield code="a">Moscow</subfield>
      <subfield code="c">2014</subfield>
      <subfield code="b">Organizing Committee of XXII Olympic Winter Games and XI Paralympic Winter Games of 2014 in Sochi</subfield>
    </datafield>
    <datafield tag="300" ind1="" ind2="">
      <subfield code="a">230 p.</subfield>
      <subfield code="b">ill.</subfield>
    </datafield>
    <datafield tag="500" ind1="" ind2="">
      <subfield code="a">La page de couv. porte : December 2012</subfield>
    </datafield>
    <datafield tag="520" ind1="" ind2="">
      <subfield code="a">This manual provides the operational information for NPC chefs de mission need to finalize their preparations, along with the policies and procedures that will apply at Games time.</subfield>
      <subfield code="9">eng</subfield>
    </datafield>
    <datafield tag="600" ind1="" ind2="">
      <subfield code="9">61027</subfield>
      <subfield code="a">Comité national olympique</subfield>
      <subfield code="2">rero</subfield>
    </datafield>
    <datafield tag="600" ind1="" ind2="">
      <subfield code="9">61127</subfield>
      <subfield code="a">Jeux paralympiques d'hiver</subfield>
      <subfield code="2">rero</subfield>
    </datafield>
    <datafield tag="695" ind1="" ind2="">
      <subfield code="a">Jeux Paralympiques d'hiver ; Sotchi ; 2014 ; chef de mission ; comité national paralympique ; manuel ; COJO</subfield>
      <subfield code="9">fre</subfield>
    </datafield>
    <datafield tag="695" ind1="" ind2="">
      <subfield code="a">Paralympic Winter Games ; Sochi ; 2014 ; chef de mission ; national paralympic committee ; manual ; OCOG</subfield>
      <subfield code="9">eng</subfield>
    </datafield>
    <datafield tag="710" ind1="" ind2="">
      <subfield code="a">Organising Committee for the Olympic and Paralympic Winter Games in Sochi in 2014</subfield>
    </datafield>
    <datafield tag="711" ind1="" ind2="">
      <subfield code="a">Jeux olympiques d'hiver</subfield>
      <subfield code="c">Sochi</subfield>
      <subfield code="d">2014</subfield>
      <subfield code="n">22</subfield>
    </datafield>
    <datafield tag="919" ind1="" ind2="">
      <subfield code="a">IOC Olympic Studies Centre</subfield>
      <subfield code="b">Lausanne</subfield>
      <subfield code="d">doc.support@rero.ch</subfield>
    </datafield>
    <datafield tag="980" ind1="" ind2="">
      <subfield code="a">BOOK</subfield>
      <subfield code="b">CIO</subfield>
    </datafield>
    <datafield tag="990" ind1="" ind2="">
      <subfield code="a">20141014135844-VD</subfield>
    </datafield>
    <datafield tag="FFT" ind1="" ind2="">
      <subfield code="a">/Users/marietho/Devel/Virtualenvs/rerodoc/src/rerodoc/rerodoc/testsuite/data/record/232486/files/NPC_Chefs_de_Mission_Manual_Appendices_eng.pdf</subfield>
      <subfield code="r"></subfield>
      <subfield code="d">Appendices</subfield>
      <subfield code="z">order:1</subfield>
      <subfield code="n">NPC_Chefs_de_Mission_Manual_Appendices_eng.pdf</subfield>
    </datafield>
    <datafield tag="FFT" ind1="" ind2="">
      <subfield code="a">/Users/marietho/Devel/Virtualenvs/rerodoc/src/rerodoc/rerodoc/testsuite/data/record/232486/files/NPC_Chefs_de_Mission_Manual_eng_1_.pdf</subfield>
      <subfield code="r"></subfield>
      <subfield code="d">NPC chef de mission manual</subfield>
      <subfield code="z">order:2</subfield>
      <subfield code="n">NPC_Chefs_de_Mission_Manual_eng_1_.pdf</subfield>
    </datafield>
  </record>