
  <record>
    <datafield tag="035" ind1="" ind2="">
      <subfield code="a">R007843848</subfield>
    </datafield>
    <datafield tag="041" ind1="" ind2="">
      <subfield code="a">fre</subfield>
    </datafield>
    <datafield tag="080" ind1="" ind2="">
      <subfield code="a">796</subfield>
    </datafield>
    <datafield tag="245" ind1="" ind2="">
      <subfield code="a">Manuel des chefs de mission</subfield>
      <subfield code="9">fre</subfield>
      <subfield code="b">Sochi 2014</subfield>
    </datafield>
    <datafield tag="260" ind1="" ind2="">
      <subfield code="a">Moscou</subfield>
      <subfield code="c">2013</subfield>
      <subfield code="b">Comité d'organisation des XXII Jeux Olympiques d'hiver et XI Jeux Paralympiques d'hiver de 2014 à Sotchi</subfield>
    </datafield>
    <datafield tag="300" ind1="" ind2="">
      <subfield code="a">320 p.</subfield>
      <subfield code="b">ill.</subfield>
    </datafield>
    <datafield tag="500" ind1="" ind2="">
      <subfield code="a">Existe aussi en version anglaise : NOC chefs de mission manual : Sochi 2014</subfield>
    </datafield>
    <datafield tag="520" ind1="" ind2="">
      <subfield code="a">Ce document a pour but d'apporter aux responsables des CNOs les renseignements opérationnels dont ils ont besoin pour finaliser leurs préparatifs, ainsi que les politiques et procédures qui s'appliqueront pendant les Jeux.</subfield>
      <subfield code="9">fre</subfield>
    </datafield>
    <datafield tag="600" ind1="" ind2="">
      <subfield code="9">61027</subfield>
      <subfield code="a">Comité national olympique</subfield>
      <subfield code="2">rero</subfield>
    </datafield>
    <datafield tag="600" ind1="" ind2="">
      <subfield code="9">61127</subfield>
      <subfield code="a">Jeux olympiques d'hiver</subfield>
      <subfield code="2">rero</subfield>
    </datafield>
    <datafield tag="695" ind1="" ind2="">
      <subfield code="a">Jeux Olympiques d'hiver ; Sotchi ; 2014 ; chef de mission ; comité national olympique ; manuel ; COJO</subfield>
      <subfield code="9">fre</subfield>
    </datafield>
    <datafield tag="695" ind1="" ind2="">
      <subfield code="a">Olympic Winter Games ; Sochi ; 2014 ; chef de mission ; national olympic committee ; manual ; OCOG</subfield>
      <subfield code="9">eng</subfield>
    </datafield>
    <datafield tag="710" ind1="" ind2="">
      <subfield code="a">Comité d’organisation des Jeux Olympiques et Paralympiques d’hiver de 2014 à Sotchi</subfield>
    </datafield>
    <datafield tag="711" ind1="" ind2="">
      <subfield code="a">Jeux olympiques d'hiver</subfield>
      <subfield code="c">Sochi</subfield>
      <subfield code="d">2014</subfield>
      <subfield code="n">22</subfield>
    </datafield>
    <datafield tag="919" ind1="" ind2="">
      <subfield code="a">IOC Olympic Studies Centre</subfield>
      <subfield code="b">Lausanne</subfield>
      <subfield code="d">doc.support@rero.ch</subfield>
    </datafield>
    <datafield tag="980" ind1="" ind2="">
      <subfield code="a">BOOK</subfield>
      <subfield code="b">CIO</subfield>
    </datafield>
    <datafield tag="990" ind1="" ind2="">
      <subfield code="a">20141014135043-AS</subfield>
    </datafield>
    <datafield tag="FFT" ind1="" ind2="">
      <subfield code="a">/Users/marietho/Devel/Virtualenvs/rerodoc/src/rerodoc/rerodoc/testsuite/data/record/232485/files/Manuel_des_Chefs_de_Mission_1_.pdf</subfield>
      <subfield code="r"></subfield>
      <subfield code="d">Manuel chefs de mission</subfield>
      <subfield code="z">order:1</subfield>
      <subfield code="n">Manuel_des_Chefs_de_Mission_1_.pdf</subfield>
    </datafield>
    <datafield tag="FFT" ind1="" ind2="">
      <subfield code="a">/Users/marietho/Devel/Virtualenvs/rerodoc/src/rerodoc/rerodoc/testsuite/data/record/232485/files/Manuel_des_Chefs_de_Mission_Appendices_1_.pdf</subfield>
      <subfield code="r"></subfield>
      <subfield code="d">Annexes</subfield>
      <subfield code="z">order:2</subfield>
      <subfield code="n">Manuel_des_Chefs_de_Mission_Appendices_1_.pdf</subfield>
    </datafield>
  </record>