
  <record>
    <datafield tag="035" ind1="" ind2="">
      <subfield code="a">R007846709</subfield>
    </datafield>
    <datafield tag="041" ind1="" ind2="">
      <subfield code="a">fre</subfield>
    </datafield>
    <datafield tag="080" ind1="" ind2="">
      <subfield code="a">796</subfield>
    </datafield>
    <datafield tag="245" ind1="" ind2="">
      <subfield code="a">Dossier des chefs de mission des CNO</subfield>
      <subfield code="9">fre</subfield>
      <subfield code="b">Sochi 2014</subfield>
    </datafield>
    <datafield tag="260" ind1="" ind2="">
      <subfield code="a">Moscou</subfield>
      <subfield code="c">2012</subfield>
      <subfield code="b">Comité d'organisation des XXII Jeux Olympiques d'hiver et XI Jeux Paralympiques d'hiver de 2014 à Sotchi</subfield>
    </datafield>
    <datafield tag="300" ind1="" ind2="">
      <subfield code="a">184 p.</subfield>
    </datafield>
    <datafield tag="500" ind1="" ind2="">
      <subfield code="a">Existe aussi en version anglaise : NOCs chefs de mission Sochi 2014 : dossier</subfield>
    </datafield>
    <datafield tag="520" ind1="" ind2="">
      <subfield code="a">Ce dossier a pour objectif de fournir aux CNO les renseignements nécessaires pour les aider à organiser la participation de leur équipe aux Jeux Olympiques d'hiver à Sotchi en 2014.</subfield>
      <subfield code="9">fre</subfield>
    </datafield>
    <datafield tag="600" ind1="" ind2="">
      <subfield code="9">61027</subfield>
      <subfield code="a">Comité national olympique</subfield>
      <subfield code="2">rero</subfield>
    </datafield>
    <datafield tag="600" ind1="" ind2="">
      <subfield code="9">61127</subfield>
      <subfield code="a">Jeux olympiques d'hiver</subfield>
      <subfield code="2">rero</subfield>
    </datafield>
    <datafield tag="695" ind1="" ind2="">
      <subfield code="a">Jeux Olympiques d'hiver ; Sotchi ; 2014 ; chef de mission ; comité national olympique ; guide ; COJO</subfield>
      <subfield code="9">fre</subfield>
    </datafield>
    <datafield tag="695" ind1="" ind2="">
      <subfield code="a">Olympic Winter Games ; Sochi ; 2014 ; chef de mission ; national olympic committee ; guide ; OCOG</subfield>
      <subfield code="9">eng</subfield>
    </datafield>
    <datafield tag="710" ind1="" ind2="">
      <subfield code="a">Comité d’organisation des Jeux Olympiques et Paralympiques d’hiver de 2014 à Sotchi</subfield>
    </datafield>
    <datafield tag="711" ind1="" ind2="">
      <subfield code="a">Jeux olympiques d'hiver</subfield>
      <subfield code="c">Sochi</subfield>
      <subfield code="d">2014</subfield>
      <subfield code="n">22</subfield>
    </datafield>
    <datafield tag="919" ind1="" ind2="">
      <subfield code="a">IOC Olympic Studies Centre</subfield>
      <subfield code="b">Lausanne</subfield>
      <subfield code="d">doc.support@rero.ch</subfield>
    </datafield>
    <datafield tag="980" ind1="" ind2="">
      <subfield code="a">BOOK</subfield>
      <subfield code="b">CIO</subfield>
    </datafield>
    <datafield tag="990" ind1="" ind2="">
      <subfield code="a">20141014134416-EN</subfield>
    </datafield>
    <datafield tag="FFT" ind1="" ind2="">
      <subfield code="a">/Users/marietho/Devel/Virtualenvs/rerodoc/src/rerodoc/rerodoc/testsuite/data/record/232484/files/Dossier_des_Chefs_de_mission_des_CNO_1_.pdf</subfield>
      <subfield code="r"></subfield>
      <subfield code="d">Dossier des chefs de mission</subfield>
      <subfield code="z">order:1</subfield>
      <subfield code="n">Dossier_des_Chefs_de_mission_des_CNO_1_.pdf</subfield>
    </datafield>
  </record>