
  <record>
    <datafield tag="035" ind1="" ind2="">
      <subfield code="a">R007907301</subfield>
    </datafield>
    <datafield tag="041" ind1="" ind2="">
      <subfield code="a">fre</subfield>
    </datafield>
    <datafield tag="080" ind1="" ind2="">
      <subfield code="a">3</subfield>
    </datafield>
    <datafield tag="100" ind1="" ind2="">
      <subfield code="a">Ehouman, Akossoua Michelle Ida</subfield>
    </datafield>
    <datafield tag="245" ind1="" ind2="">
      <subfield code="a">L'analyse du droit à l'éducation des enfants réfugiés en Côte d'Ivoire au regard de la politique d'intégration dans le système éducatif ivoirien</subfield>
      <subfield code="9">fre</subfield>
    </datafield>
    <datafield tag="300" ind1="" ind2="">
      <subfield code="a">89 p.</subfield>
    </datafield>
    <datafield tag="500" ind1="" ind2="">
      <subfield code="a">Mémoire No DE2014/MIDE12-13/17</subfield>
    </datafield>
    <datafield tag="502" ind1="" ind2="">
      <subfield code="a">Mémoire de master : Institut universitaire Kurt Bösch, 2014</subfield>
      <subfield code="9">2014</subfield>
    </datafield>
    <datafield tag="520" ind1="" ind2="">
      <subfield code="a">Parmi les différents principes de la Convention relative aux droits de l’enfant (ci-après : CDE), ceux concernant l’accès à l’éducation en constituent un élément clé. Les réfugiés, du fait de leur statut, représentent une population fragilisée et particulièrement vulnérable, surtout parce qu’elle ne maîtrise pas son avenir. Or, pour aider les réfugiés à accéder à un peu de normalité et à se reconstruire, il faut leur donner de l’espoir et qui mieux que l’École peut participer à cette démarche. La recherche que nous avons menée traite justement de l’éducation des enfants réfugiés, à travers le cas de la Côte d’Ivoire. Il s’agira en particulier d’étudier la politique d’intégration des enfants réfugiés dans le système éducatif ivoirien. L’étude portera sur les différentes politiques expérimentées en Côte d’Ivoire au profit des enfants réfugiés et sur les résultats obtenus. Enfin, des recommandations seront suggérées de façon à optimiser le rôle des différents acteurs concernés.</subfield>
      <subfield code="9">fre</subfield>
    </datafield>
    <datafield tag="600" ind1="" ind2="">
      <subfield code="9">650_7</subfield>
      <subfield code="a">Éducation</subfield>
      <subfield code="2">rero</subfield>
    </datafield>
    <datafield tag="600" ind1="" ind2="">
      <subfield code="9">650_7</subfield>
      <subfield code="a">Enfants réfugiés</subfield>
      <subfield code="2">rero</subfield>
    </datafield>
    <datafield tag="600" ind1="" ind2="">
      <subfield code="9">651_7</subfield>
      <subfield code="a">Côte-d'Ivoire</subfield>
      <subfield code="2">rero</subfield>
    </datafield>
    <datafield tag="695" ind1="" ind2="">
      <subfield code="a">enfants réfugiés ; droit à l’éducation ; accessibilité ; adaptabilité ; liberté de choix ; participation ; assistance éducative ; solutions durables ; intégration locale ; exclusion</subfield>
      <subfield code="9">fre</subfield>
    </datafield>
    <datafield tag="700" ind1="" ind2="">
      <subfield code="a">Burger, Kaspar</subfield>
      <subfield code="e">Dir.</subfield>
    </datafield>
    <datafield tag="919" ind1="" ind2="">
      <subfield code="a">Institut universitaire Kurt Bösch</subfield>
      <subfield code="b">Sion</subfield>
      <subfield code="d">doc.support@rero.ch</subfield>
    </datafield>
    <datafield tag="980" ind1="" ind2="">
      <subfield code="a">DISSERTATION</subfield>
      <subfield code="b">IUKB</subfield>
      <subfield code="f">DISS_MASTER</subfield>
    </datafield>
    <datafield tag="990" ind1="" ind2="">
      <subfield code="a">20141014134226-HX</subfield>
    </datafield>
    <datafield tag="FFT" ind1="" ind2="">
      <subfield code="a">/Users/marietho/Devel/Virtualenvs/rerodoc/src/rerodoc/rerodoc/testsuite/data/record/232483/files/Ehouman_Michelle_M_moire_Orientation_recherche_VF_DE2014_MIDE12-13_17.pdf</subfield>
      <subfield code="r"></subfield>
      <subfield code="d">Texte intégral</subfield>
      <subfield code="z">order:1</subfield>
      <subfield code="n">Ehouman_Michelle_M_moire_Orientation_recherche_VF_DE2014_MIDE12-13_17.pdf</subfield>
    </datafield>
  </record>