
  <record>
    <datafield tag="035" ind1="" ind2="">
      <subfield code="a">R007906722</subfield>
    </datafield>
    <datafield tag="041" ind1="" ind2="">
      <subfield code="a">eng</subfield>
    </datafield>
    <datafield tag="080" ind1="" ind2="">
      <subfield code="a">55/56</subfield>
    </datafield>
    <datafield tag="100" ind1="" ind2="">
      <subfield code="a">Charig, Alan J</subfield>
    </datafield>
    <datafield tag="245" ind1="" ind2="">
      <subfield code="a">Cetiosauriscus von Huene, 1927 (reptilia, sauropodomorpha)</subfield>
      <subfield code="9">eng</subfield>
      <subfield code="b">proposed designation of C. stewarti Charig, 1980 as the type species</subfield>
    </datafield>
    <datafield tag="269" ind1="" ind2="">
      <subfield code="c">1993</subfield>
    </datafield>
    <datafield tag="600" ind1="" ind2="">
      <subfield code="9">650_7</subfield>
      <subfield code="a">Saurischiens</subfield>
      <subfield code="2">rero</subfield>
    </datafield>
    <datafield tag="600" ind1="" ind2="">
      <subfield code="9">650_7</subfield>
      <subfield code="a">Diplodocidés</subfield>
      <subfield code="2">rero</subfield>
    </datafield>
    <datafield tag="600" ind1="" ind2="">
      <subfield code="9">650_7</subfield>
      <subfield code="a">Reptiles</subfield>
      <subfield code="2">rero</subfield>
    </datafield>
    <datafield tag="600" ind1="" ind2="">
      <subfield code="9">650_7</subfield>
      <subfield code="a">Paléozoologie</subfield>
      <subfield code="2">rero</subfield>
    </datafield>
    <datafield tag="773" ind1="" ind2="">
      <subfield code="t">Bulletin of zoological nomenclature</subfield>
      <subfield code="g">1993/50/4/282-283</subfield>
      <subfield code="d">International Commission on Zoological Nomenclature</subfield>
    </datafield>
    <datafield tag="919" ind1="" ind2="">
      <subfield code="a">Bibliothèque cantonale jurassienne</subfield>
      <subfield code="b">Porrentruy</subfield>
      <subfield code="d">doc.support@rero.ch</subfield>
    </datafield>
    <datafield tag="980" ind1="" ind2="">
      <subfield code="a">POSTPRINT</subfield>
      <subfield code="b">BICJ</subfield>
      <subfield code="f">ART_JOURNAL</subfield>
    </datafield>
    <datafield tag="982" ind1="" ind2="">
      <subfield code="a">Collection Paléontologie Jura</subfield>
    </datafield>
    <datafield tag="990" ind1="" ind2="">
      <subfield code="a">20141014090728-QH</subfield>
    </datafield>
    <datafield tag="FFT" ind1="" ind2="">
      <subfield code="a">/Users/marietho/Devel/Virtualenvs/rerodoc/src/rerodoc/rerodoc/testsuite/data/record/232471/files/PAL_E4475.pdf</subfield>
      <subfield code="r"></subfield>
      <subfield code="d">Texte intégral</subfield>
      <subfield code="z">order:1</subfield>
      <subfield code="n">PAL_E4475.pdf</subfield>
    </datafield>
  </record>