
  <record>
    <datafield tag="035" ind1="" ind2="">
      <subfield code="a">R007906407</subfield>
    </datafield>
    <datafield tag="041" ind1="" ind2="">
      <subfield code="a">eng</subfield>
    </datafield>
    <datafield tag="080" ind1="" ind2="">
      <subfield code="a">55/56</subfield>
    </datafield>
    <datafield tag="100" ind1="" ind2="">
      <subfield code="a">Carpenter, Kenneth</subfield>
    </datafield>
    <datafield tag="245" ind1="" ind2="">
      <subfield code="a">Baby dinosaurs from the Late Cretaceous Lance and Hell Creek formations and a description of en new species of theropod</subfield>
      <subfield code="9">eng</subfield>
    </datafield>
    <datafield tag="269" ind1="" ind2="">
      <subfield code="c">1982</subfield>
    </datafield>
    <datafield tag="600" ind1="" ind2="">
      <subfield code="9">650_7</subfield>
      <subfield code="a">Dinosaures</subfield>
      <subfield code="2">rero</subfield>
    </datafield>
    <datafield tag="600" ind1="" ind2="">
      <subfield code="9">650_7</subfield>
      <subfield code="a">Jeunes animaux</subfield>
      <subfield code="2">rero</subfield>
    </datafield>
    <datafield tag="600" ind1="" ind2="">
      <subfield code="9">650_7</subfield>
      <subfield code="a">Saurischiens</subfield>
      <subfield code="2">rero</subfield>
    </datafield>
    <datafield tag="600" ind1="" ind2="">
      <subfield code="9">650_7</subfield>
      <subfield code="a">Gisements fossilifères</subfield>
      <subfield code="2">rero</subfield>
    </datafield>
    <datafield tag="600" ind1="" ind2="">
      <subfield code="9">650_7</subfield>
      <subfield code="a">Formations (géologie)</subfield>
      <subfield code="2">rero</subfield>
    </datafield>
    <datafield tag="600" ind1="" ind2="">
      <subfield code="9">650_7</subfield>
      <subfield code="a">Analyse cladistique</subfield>
      <subfield code="2">rero</subfield>
    </datafield>
    <datafield tag="600" ind1="" ind2="">
      <subfield code="9">650_7</subfield>
      <subfield code="a">Ichnologie</subfield>
      <subfield code="2">rero</subfield>
    </datafield>
    <datafield tag="600" ind1="" ind2="">
      <subfield code="9">650_7</subfield>
      <subfield code="a">Paléoenvironnement</subfield>
      <subfield code="2">rero</subfield>
    </datafield>
    <datafield tag="600" ind1="" ind2="">
      <subfield code="9">650_7</subfield>
      <subfield code="a">Crétacé supérieur</subfield>
      <subfield code="2">rero</subfield>
    </datafield>
    <datafield tag="600" ind1="" ind2="">
      <subfield code="9">651_7</subfield>
      <subfield code="a">Wyoming (Etats-Unis)</subfield>
      <subfield code="2">rero</subfield>
    </datafield>
    <datafield tag="600" ind1="" ind2="">
      <subfield code="9">651_7</subfield>
      <subfield code="a">Montana (Etats-Unis)</subfield>
      <subfield code="2">rero</subfield>
    </datafield>
    <datafield tag="773" ind1="" ind2="">
      <subfield code="t">Contributions to geology</subfield>
      <subfield code="g">1982/20/2/123-134</subfield>
      <subfield code="d">The University of Wyoming</subfield>
    </datafield>
    <datafield tag="919" ind1="" ind2="">
      <subfield code="a">Bibliothèque cantonale jurassienne</subfield>
      <subfield code="b">Porrentruy</subfield>
      <subfield code="d">doc.support@rero.ch</subfield>
    </datafield>
    <datafield tag="980" ind1="" ind2="">
      <subfield code="a">POSTPRINT</subfield>
      <subfield code="b">BICJ</subfield>
      <subfield code="f">ART_JOURNAL</subfield>
    </datafield>
    <datafield tag="982" ind1="" ind2="">
      <subfield code="a">Collection Paléontologie Jura</subfield>
    </datafield>
    <datafield tag="990" ind1="" ind2="">
      <subfield code="a">20141013160246-NN</subfield>
    </datafield>
    <datafield tag="FFT" ind1="" ind2="">
      <subfield code="a">/Users/marietho/Devel/Virtualenvs/rerodoc/src/rerodoc/rerodoc/testsuite/data/record/232469/files/PAL_E4465.pdf</subfield>
      <subfield code="r"></subfield>
      <subfield code="d">Texte intégral</subfield>
      <subfield code="z">order:1</subfield>
      <subfield code="n">PAL_E4465.pdf</subfield>
    </datafield>
  </record>