
  <record>
    <datafield tag="035" ind1="" ind2="">
      <subfield code="a">R007906171</subfield>
    </datafield>
    <datafield tag="041" ind1="" ind2="">
      <subfield code="a">eng</subfield>
    </datafield>
    <datafield tag="080" ind1="" ind2="">
      <subfield code="a">55/56</subfield>
    </datafield>
    <datafield tag="100" ind1="" ind2="">
      <subfield code="a">Carbone, Chris</subfield>
    </datafield>
    <datafield tag="245" ind1="" ind2="">
      <subfield code="a">Intra-guild competition and its implications for one of the biggest terrestrial predators</subfield>
      <subfield code="9">eng</subfield>
      <subfield code="b">tyrannosaurus rex</subfield>
    </datafield>
    <datafield tag="269" ind1="" ind2="">
      <subfield code="c">2011</subfield>
    </datafield>
    <datafield tag="600" ind1="" ind2="">
      <subfield code="9">650_7</subfield>
      <subfield code="a">Tyrannosaurus rex</subfield>
      <subfield code="2">rero</subfield>
    </datafield>
    <datafield tag="600" ind1="" ind2="">
      <subfield code="9">650_7</subfield>
      <subfield code="a">Chasse</subfield>
      <subfield code="2">rero</subfield>
    </datafield>
    <datafield tag="600" ind1="" ind2="">
      <subfield code="9">650_7</subfield>
      <subfield code="a">Comportement alimentaire</subfield>
      <subfield code="2">rero</subfield>
    </datafield>
    <datafield tag="600" ind1="" ind2="">
      <subfield code="9">650_7</subfield>
      <subfield code="a">Compétition (zoologie)</subfield>
      <subfield code="2">rero</subfield>
    </datafield>
    <datafield tag="600" ind1="" ind2="">
      <subfield code="9">650_7</subfield>
      <subfield code="a">Paléozoologie</subfield>
      <subfield code="2">rero</subfield>
    </datafield>
    <datafield tag="600" ind1="" ind2="">
      <subfield code="9">650_7</subfield>
      <subfield code="a">Paléoécologie</subfield>
      <subfield code="2">rero</subfield>
    </datafield>
    <datafield tag="700" ind1="" ind2="">
      <subfield code="a">Turvey, Samuel T.</subfield>
    </datafield>
    <datafield tag="700" ind1="" ind2="">
      <subfield code="a">Bielby, Jon</subfield>
    </datafield>
    <datafield tag="773" ind1="" ind2="">
      <subfield code="t">Proceedings of the Royal Society of London. Series B, Biological sciences [Ressource électronique]</subfield>
      <subfield code="g">2011///1-9</subfield>
      <subfield code="d">The Royal Society of London</subfield>
    </datafield>
    <datafield tag="919" ind1="" ind2="">
      <subfield code="a">Bibliothèque cantonale jurassienne</subfield>
      <subfield code="b">Porrentruy</subfield>
      <subfield code="d">doc.support@rero.ch</subfield>
    </datafield>
    <datafield tag="980" ind1="" ind2="">
      <subfield code="a">POSTPRINT</subfield>
      <subfield code="b">BICJ</subfield>
      <subfield code="f">ART_JOURNAL</subfield>
    </datafield>
    <datafield tag="982" ind1="" ind2="">
      <subfield code="a">Collection Paléontologie Jura</subfield>
    </datafield>
    <datafield tag="990" ind1="" ind2="">
      <subfield code="a">20141013142504-EF</subfield>
    </datafield>
    <datafield tag="FFT" ind1="" ind2="">
      <subfield code="a">/Users/marietho/Devel/Virtualenvs/rerodoc/src/rerodoc/rerodoc/testsuite/data/record/232468/files/PAL_E4101.pdf</subfield>
      <subfield code="r"></subfield>
      <subfield code="d">Texte intégral</subfield>
      <subfield code="z">order:1</subfield>
      <subfield code="n">PAL_E4101.pdf</subfield>
    </datafield>
  </record>