
  <record>
    <datafield tag="035" ind1="" ind2="">
      <subfield code="a">R007906161</subfield>
    </datafield>
    <datafield tag="041" ind1="" ind2="">
      <subfield code="a">eng</subfield>
    </datafield>
    <datafield tag="080" ind1="" ind2="">
      <subfield code="a">796</subfield>
    </datafield>
    <datafield tag="245" ind1="" ind2="">
      <subfield code="a">Team leaders' manual</subfield>
      <subfield code="9">eng</subfield>
      <subfield code="b">Sochi 2014</subfield>
    </datafield>
    <datafield tag="260" ind1="" ind2="">
      <subfield code="a">Moscow</subfield>
      <subfield code="c">2013</subfield>
      <subfield code="b">Organizing Committee of XXII Olympic Winter Games and XI Paralympic Winter Games of 2014 in Sochi</subfield>
    </datafield>
    <datafield tag="300" ind1="" ind2="">
      <subfield code="a">15 vol.</subfield>
    </datafield>
    <datafield tag="500" ind1="" ind2="">
      <subfield code="a">Exists also in French : Manuel des capitaines d'équipe : Sotchi 2014</subfield>
    </datafield>
    <datafield tag="600" ind1="" ind2="">
      <subfield code="9">61127</subfield>
      <subfield code="a">Jeux olympiques d'hiver</subfield>
      <subfield code="2">rero</subfield>
    </datafield>
    <datafield tag="600" ind1="" ind2="">
      <subfield code="9">650_7</subfield>
      <subfield code="a">Sports</subfield>
      <subfield code="2">rero</subfield>
    </datafield>
    <datafield tag="600" ind1="" ind2="">
      <subfield code="9">650_7</subfield>
      <subfield code="a">Capitaines d'équipe sportive</subfield>
      <subfield code="2">rero</subfield>
    </datafield>
    <datafield tag="695" ind1="" ind2="">
      <subfield code="a">Jeux Olympiques d'hiver ; Sotchi ; 2014 ; sport ; capitaine d'équipe ; manuel ; COJO</subfield>
      <subfield code="9">fre</subfield>
    </datafield>
    <datafield tag="695" ind1="" ind2="">
      <subfield code="a">Olympic Winter Games ; Sochi ; 2014 ; sport ; team leader ; manual ; OCOG</subfield>
      <subfield code="9">eng</subfield>
    </datafield>
    <datafield tag="710" ind1="" ind2="">
      <subfield code="a">Organising Committee for the Olympic and Paralympic Winter Games in Sochi in 2014</subfield>
    </datafield>
    <datafield tag="711" ind1="" ind2="">
      <subfield code="a">Jeux olympiques d'hiver</subfield>
      <subfield code="c">Sochi</subfield>
      <subfield code="d">2014</subfield>
      <subfield code="n">22</subfield>
    </datafield>
    <datafield tag="919" ind1="" ind2="">
      <subfield code="a">IOC Olympic Studies Centre</subfield>
      <subfield code="b">Lausanne</subfield>
      <subfield code="d">doc.support@rero.ch</subfield>
    </datafield>
    <datafield tag="980" ind1="" ind2="">
      <subfield code="a">BOOK</subfield>
      <subfield code="b">CIO</subfield>
    </datafield>
    <datafield tag="990" ind1="" ind2="">
      <subfield code="a">20141013142035-VL</subfield>
    </datafield>
    <datafield tag="FFT" ind1="" ind2="">
      <subfield code="a">/Users/marietho/Devel/Virtualenvs/rerodoc/src/rerodoc/rerodoc/testsuite/data/record/232467/files/Alpine_Skiing_-_Team_Captains_Manual_1_.pdf</subfield>
      <subfield code="r"></subfield>
      <subfield code="d">Alpine skiing</subfield>
      <subfield code="z">order:1</subfield>
      <subfield code="n">Alpine_Skiing_-_Team_Captains_Manual_1_.pdf</subfield>
    </datafield>
    <datafield tag="FFT" ind1="" ind2="">
      <subfield code="a">/Users/marietho/Devel/Virtualenvs/rerodoc/src/rerodoc/rerodoc/testsuite/data/record/232467/files/Biathlon_-_Team_Leaders_Manual_1_.pdf</subfield>
      <subfield code="r"></subfield>
      <subfield code="d">Biathlon</subfield>
      <subfield code="z">order:2</subfield>
      <subfield code="n">Biathlon_-_Team_Leaders_Manual_1_.pdf</subfield>
    </datafield>
    <datafield tag="FFT" ind1="" ind2="">
      <subfield code="a">/Users/marietho/Devel/Virtualenvs/rerodoc/src/rerodoc/rerodoc/testsuite/data/record/232467/files/Bobsleigh_-_Team_Leaders_Manual_1_.pdf</subfield>
      <subfield code="r"></subfield>
      <subfield code="d">Bobsleigh</subfield>
      <subfield code="z">order:3</subfield>
      <subfield code="n">Bobsleigh_-_Team_Leaders_Manual_1_.pdf</subfield>
    </datafield>
    <datafield tag="FFT" ind1="" ind2="">
      <subfield code="a">/Users/marietho/Devel/Virtualenvs/rerodoc/src/rerodoc/rerodoc/testsuite/data/record/232467/files/Cross-Country_Skiing_-_Team_Leaders_Manual_1_.pdf</subfield>
      <subfield code="r"></subfield>
      <subfield code="d">Cross country skiing</subfield>
      <subfield code="z">order:4</subfield>
      <subfield code="n">Cross-Country_Skiing_-_Team_Leaders_Manual_1_.pdf</subfield>
    </datafield>
    <datafield tag="FFT" ind1="" ind2="">
      <subfield code="a">/Users/marietho/Devel/Virtualenvs/rerodoc/src/rerodoc/rerodoc/testsuite/data/record/232467/files/Curling_-_Team_Leaders_Manual_1_.pdf</subfield>
      <subfield code="r"></subfield>
      <subfield code="d">Curling</subfield>
      <subfield code="z">order:5</subfield>
      <subfield code="n">Curling_-_Team_Leaders_Manual_1_.pdf</subfield>
    </datafield>
    <datafield tag="FFT" ind1="" ind2="">
      <subfield code="a">/Users/marietho/Devel/Virtualenvs/rerodoc/src/rerodoc/rerodoc/testsuite/data/record/232467/files/Figure_Skating_-_Team_Leaders_Manual_1_.pdf</subfield>
      <subfield code="r"></subfield>
      <subfield code="d">Figure skating</subfield>
      <subfield code="z">order:6</subfield>
      <subfield code="n">Figure_Skating_-_Team_Leaders_Manual_1_.pdf</subfield>
    </datafield>
    <datafield tag="FFT" ind1="" ind2="">
      <subfield code="a">/Users/marietho/Devel/Virtualenvs/rerodoc/src/rerodoc/rerodoc/testsuite/data/record/232467/files/Freestyle_Skiing_-_Team_Leaders_Manual_1_.pdf</subfield>
      <subfield code="r"></subfield>
      <subfield code="d">Freestyle skiing</subfield>
      <subfield code="z">order:7</subfield>
      <subfield code="n">Freestyle_Skiing_-_Team_Leaders_Manual_1_.pdf</subfield>
    </datafield>
    <datafield tag="FFT" ind1="" ind2="">
      <subfield code="a">/Users/marietho/Devel/Virtualenvs/rerodoc/src/rerodoc/rerodoc/testsuite/data/record/232467/files/Ice_Hockey_-_Team_Leaders_Manual_1_.pdf</subfield>
      <subfield code="r"></subfield>
      <subfield code="d">Ice hockey</subfield>
      <subfield code="z">order:8</subfield>
      <subfield code="n">Ice_Hockey_-_Team_Leaders_Manual_1_.pdf</subfield>
    </datafield>
    <datafield tag="FFT" ind1="" ind2="">
      <subfield code="a">/Users/marietho/Devel/Virtualenvs/rerodoc/src/rerodoc/rerodoc/testsuite/data/record/232467/files/Luge_-_Team_Leaders_Manual_1_.pdf</subfield>
      <subfield code="r"></subfield>
      <subfield code="d">Luge</subfield>
      <subfield code="z">order:9</subfield>
      <subfield code="n">Luge_-_Team_Leaders_Manual_1_.pdf</subfield>
    </datafield>
    <datafield tag="FFT" ind1="" ind2="">
      <subfield code="a">/Users/marietho/Devel/Virtualenvs/rerodoc/src/rerodoc/rerodoc/testsuite/data/record/232467/files/Nordic_Combined_-_Team_Leaders_Manual_1_.pdf</subfield>
      <subfield code="r"></subfield>
      <subfield code="d">Nordic combined</subfield>
      <subfield code="z">order:10</subfield>
      <subfield code="n">Nordic_Combined_-_Team_Leaders_Manual_1_.pdf</subfield>
    </datafield>
    <datafield tag="FFT" ind1="" ind2="">
      <subfield code="a">/Users/marietho/Devel/Virtualenvs/rerodoc/src/rerodoc/rerodoc/testsuite/data/record/232467/files/Short_Track_Speed_Skating_-_Team_Leaders_Manual_1_.pdf</subfield>
      <subfield code="r"></subfield>
      <subfield code="d">Short track speed skating</subfield>
      <subfield code="z">order:11</subfield>
      <subfield code="n">Short_Track_Speed_Skating_-_Team_Leaders_Manual_1_.pdf</subfield>
    </datafield>
    <datafield tag="FFT" ind1="" ind2="">
      <subfield code="a">/Users/marietho/Devel/Virtualenvs/rerodoc/src/rerodoc/rerodoc/testsuite/data/record/232467/files/Skeleton_-_Team_Leaders_Manual_1_.pdf</subfield>
      <subfield code="r"></subfield>
      <subfield code="d">Skeleton</subfield>
      <subfield code="z">order:12</subfield>
      <subfield code="n">Skeleton_-_Team_Leaders_Manual_1_.pdf</subfield>
    </datafield>
    <datafield tag="FFT" ind1="" ind2="">
      <subfield code="a">/Users/marietho/Devel/Virtualenvs/rerodoc/src/rerodoc/rerodoc/testsuite/data/record/232467/files/Ski_Jumping_-_Team_Leaders_Manual_1_.pdf</subfield>
      <subfield code="r"></subfield>
      <subfield code="d">Ski jumping</subfield>
      <subfield code="z">order:13</subfield>
      <subfield code="n">Ski_Jumping_-_Team_Leaders_Manual_1_.pdf</subfield>
    </datafield>
    <datafield tag="FFT" ind1="" ind2="">
      <subfield code="a">/Users/marietho/Devel/Virtualenvs/rerodoc/src/rerodoc/rerodoc/testsuite/data/record/232467/files/Snowboard_-_Team_Leaders_Manual_1_.pdf</subfield>
      <subfield code="r"></subfield>
      <subfield code="d">Snowboard</subfield>
      <subfield code="z">order:14</subfield>
      <subfield code="n">Snowboard_-_Team_Leaders_Manual_1_.pdf</subfield>
    </datafield>
    <datafield tag="FFT" ind1="" ind2="">
      <subfield code="a">/Users/marietho/Devel/Virtualenvs/rerodoc/src/rerodoc/rerodoc/testsuite/data/record/232467/files/Speed_Skating_-Team_Leaders_Manual_1_.pdf</subfield>
      <subfield code="r"></subfield>
      <subfield code="d">Speed skating</subfield>
      <subfield code="z">order:15</subfield>
      <subfield code="n">Speed_Skating_-Team_Leaders_Manual_1_.pdf</subfield>
    </datafield>
  </record>