
  <record>
    <datafield tag="035" ind1="" ind2="">
      <subfield code="a">R007906062</subfield>
    </datafield>
    <datafield tag="041" ind1="" ind2="">
      <subfield code="a">fre</subfield>
    </datafield>
    <datafield tag="080" ind1="" ind2="">
      <subfield code="a">796</subfield>
    </datafield>
    <datafield tag="245" ind1="" ind2="">
      <subfield code="a">Manuel des capitaines d'équipe</subfield>
      <subfield code="9">fre</subfield>
      <subfield code="b">Sotchi 2014</subfield>
    </datafield>
    <datafield tag="260" ind1="" ind2="">
      <subfield code="a">Moscou</subfield>
      <subfield code="c">2013</subfield>
      <subfield code="b">Comité d'organisation des XXII Jeux Olympiques d'hiver et XI Jeux Paralympiques d'hiver de 2014 à Sotchi</subfield>
    </datafield>
    <datafield tag="300" ind1="" ind2="">
      <subfield code="a">15 vol.</subfield>
    </datafield>
    <datafield tag="500" ind1="" ind2="">
      <subfield code="a">Existe aussi en version anglaise : Team leaders' manual : Sochi 2014</subfield>
    </datafield>
    <datafield tag="505" ind1="" ind2="">
      <subfield code="a">Vol.1 : Biathlon. - Vol. 2 : Bobsleigh. - Vol. 3 : Combiné nordique. - Vol. 4 : Curling. - Vol. 5 : Hockey sur glace. - vol. 6 : Luge. - Vol. 7 : Patinage artistique. - Vol. 8 : Patinage de vitesse. - Vol. 9 : Patinage de vitesse sur piste courte. - Vol. 10 : Saut à ski. - Vol. 11 : Skeleton. - Vol. 12 : Ski acrobatique. - vol. 13 : Ski alpin. - Vol. 14 : Ski de fond. - Vol. 15 : Snowboard.</subfield>
    </datafield>
    <datafield tag="600" ind1="" ind2="">
      <subfield code="9">61127</subfield>
      <subfield code="a">Jeux olympiques d'hiver</subfield>
      <subfield code="2">rero</subfield>
    </datafield>
    <datafield tag="600" ind1="" ind2="">
      <subfield code="9">650_7</subfield>
      <subfield code="a">Sports</subfield>
      <subfield code="2">rero</subfield>
    </datafield>
    <datafield tag="600" ind1="" ind2="">
      <subfield code="9">650_7</subfield>
      <subfield code="a">Capitaines d'équipe sportive</subfield>
      <subfield code="2">rero</subfield>
    </datafield>
    <datafield tag="695" ind1="" ind2="">
      <subfield code="a">Jeux Olympiques d'hiver ; Sotchi ; 2014 ; sport ; capitaine d'équipe ; manuel ; COJO</subfield>
      <subfield code="9">fre</subfield>
    </datafield>
    <datafield tag="695" ind1="" ind2="">
      <subfield code="a">Olympic Winter Games ; Sochi ; 2014 ; sport ; team leader ; manual ; OCOG</subfield>
      <subfield code="9">eng</subfield>
    </datafield>
    <datafield tag="710" ind1="" ind2="">
      <subfield code="a">Comité d’organisation des Jeux Olympiques et Paralympiques d’hiver de 2014 à Sotchi</subfield>
    </datafield>
    <datafield tag="711" ind1="" ind2="">
      <subfield code="a">Jeux olympiques d'hiver</subfield>
      <subfield code="c">Sochi</subfield>
      <subfield code="d">2014</subfield>
      <subfield code="n">22</subfield>
    </datafield>
    <datafield tag="919" ind1="" ind2="">
      <subfield code="a">IOC Olympic Studies Centre</subfield>
      <subfield code="b">Lausanne</subfield>
      <subfield code="d">doc.support@rero.ch</subfield>
    </datafield>
    <datafield tag="980" ind1="" ind2="">
      <subfield code="a">BOOK</subfield>
      <subfield code="b">CIO</subfield>
    </datafield>
    <datafield tag="990" ind1="" ind2="">
      <subfield code="a">20141013134312-GM</subfield>
    </datafield>
    <datafield tag="FFT" ind1="" ind2="">
      <subfield code="a">/Users/marietho/Devel/Virtualenvs/rerodoc/src/rerodoc/rerodoc/testsuite/data/record/232466/files/Biathlon_-_Manuel_des_capitaines_dequipe.pdf</subfield>
      <subfield code="r"></subfield>
      <subfield code="d">Biathlon</subfield>
      <subfield code="z">order:1</subfield>
      <subfield code="n">Biathlon_-_Manuel_des_capitaines_dequipe.pdf</subfield>
    </datafield>
    <datafield tag="FFT" ind1="" ind2="">
      <subfield code="a">/Users/marietho/Devel/Virtualenvs/rerodoc/src/rerodoc/rerodoc/testsuite/data/record/232466/files/Bobsleigh_-_Manuel_des_capitaines_dequipe.pdf</subfield>
      <subfield code="r"></subfield>
      <subfield code="d">Bobsleigh</subfield>
      <subfield code="z">order:2</subfield>
      <subfield code="n">Bobsleigh_-_Manuel_des_capitaines_dequipe.pdf</subfield>
    </datafield>
    <datafield tag="FFT" ind1="" ind2="">
      <subfield code="a">/Users/marietho/Devel/Virtualenvs/rerodoc/src/rerodoc/rerodoc/testsuite/data/record/232466/files/Combine_nordique_-_Manuel_des_capitaines_dequipe.pdf</subfield>
      <subfield code="r"></subfield>
      <subfield code="d">Combiné nordique</subfield>
      <subfield code="z">order:3</subfield>
      <subfield code="n">Combine_nordique_-_Manuel_des_capitaines_dequipe.pdf</subfield>
    </datafield>
    <datafield tag="FFT" ind1="" ind2="">
      <subfield code="a">/Users/marietho/Devel/Virtualenvs/rerodoc/src/rerodoc/rerodoc/testsuite/data/record/232466/files/Curling_-_Manuel_des_capitaines_dequipe.pdf</subfield>
      <subfield code="r"></subfield>
      <subfield code="d">Curling</subfield>
      <subfield code="z">order:4</subfield>
      <subfield code="n">Curling_-_Manuel_des_capitaines_dequipe.pdf</subfield>
    </datafield>
    <datafield tag="FFT" ind1="" ind2="">
      <subfield code="a">/Users/marietho/Devel/Virtualenvs/rerodoc/src/rerodoc/rerodoc/testsuite/data/record/232466/files/Hockey_sur_glace_-_Manuel_des_capitaines_dequipe.pdf</subfield>
      <subfield code="r"></subfield>
      <subfield code="d">Hockey sur glace</subfield>
      <subfield code="z">order:5</subfield>
      <subfield code="n">Hockey_sur_glace_-_Manuel_des_capitaines_dequipe.pdf</subfield>
    </datafield>
    <datafield tag="FFT" ind1="" ind2="">
      <subfield code="a">/Users/marietho/Devel/Virtualenvs/rerodoc/src/rerodoc/rerodoc/testsuite/data/record/232466/files/Luge_-_Manuel_des_capitaines_dequipe.pdf</subfield>
      <subfield code="r"></subfield>
      <subfield code="d">Luge</subfield>
      <subfield code="z">order:6</subfield>
      <subfield code="n">Luge_-_Manuel_des_capitaines_dequipe.pdf</subfield>
    </datafield>
    <datafield tag="FFT" ind1="" ind2="">
      <subfield code="a">/Users/marietho/Devel/Virtualenvs/rerodoc/src/rerodoc/rerodoc/testsuite/data/record/232466/files/Patinage_artistique_-_Manuel_des_capitaines_dequipe.pdf</subfield>
      <subfield code="r"></subfield>
      <subfield code="d">Patinage artistique</subfield>
      <subfield code="z">order:7</subfield>
      <subfield code="n">Patinage_artistique_-_Manuel_des_capitaines_dequipe.pdf</subfield>
    </datafield>
    <datafield tag="FFT" ind1="" ind2="">
      <subfield code="a">/Users/marietho/Devel/Virtualenvs/rerodoc/src/rerodoc/rerodoc/testsuite/data/record/232466/files/Patinage_de_vitesse_-_Manuel_des_capitaines_dequipe.pdf</subfield>
      <subfield code="r"></subfield>
      <subfield code="d">Patinage de vitesse</subfield>
      <subfield code="z">order:8</subfield>
      <subfield code="n">Patinage_de_vitesse_-_Manuel_des_capitaines_dequipe.pdf</subfield>
    </datafield>
    <datafield tag="FFT" ind1="" ind2="">
      <subfield code="a">/Users/marietho/Devel/Virtualenvs/rerodoc/src/rerodoc/rerodoc/testsuite/data/record/232466/files/Patinage_de_vitesse_sur_piste_courte_-_Manuel_des_capitaines_dequipe_1_1_.pdf</subfield>
      <subfield code="r"></subfield>
      <subfield code="d">Patinage de vitesse sur piste courte</subfield>
      <subfield code="z">order:9</subfield>
      <subfield code="n">Patinage_de_vitesse_sur_piste_courte_-_Manuel_des_capitaines_dequipe_1_1_.pdf</subfield>
    </datafield>
    <datafield tag="FFT" ind1="" ind2="">
      <subfield code="a">/Users/marietho/Devel/Virtualenvs/rerodoc/src/rerodoc/rerodoc/testsuite/data/record/232466/files/Saut_a_ski_-_Manuel_des_capitaines_dequipe.pdf</subfield>
      <subfield code="r"></subfield>
      <subfield code="d">Saut à ski</subfield>
      <subfield code="z">order:10</subfield>
      <subfield code="n">Saut_a_ski_-_Manuel_des_capitaines_dequipe.pdf</subfield>
    </datafield>
    <datafield tag="FFT" ind1="" ind2="">
      <subfield code="a">/Users/marietho/Devel/Virtualenvs/rerodoc/src/rerodoc/rerodoc/testsuite/data/record/232466/files/Skeleton_-_Manuel_des_capitaines_dequipe.pdf</subfield>
      <subfield code="r"></subfield>
      <subfield code="d">Skeleton</subfield>
      <subfield code="z">order:11</subfield>
      <subfield code="n">Skeleton_-_Manuel_des_capitaines_dequipe.pdf</subfield>
    </datafield>
    <datafield tag="FFT" ind1="" ind2="">
      <subfield code="a">/Users/marietho/Devel/Virtualenvs/rerodoc/src/rerodoc/rerodoc/testsuite/data/record/232466/files/Ski_acrobatique_-_Manuel_des_capitaines_dequipe.pdf</subfield>
      <subfield code="r"></subfield>
      <subfield code="d">Ski acrobatique</subfield>
      <subfield code="z">order:12</subfield>
      <subfield code="n">Ski_acrobatique_-_Manuel_des_capitaines_dequipe.pdf</subfield>
    </datafield>
    <datafield tag="FFT" ind1="" ind2="">
      <subfield code="a">/Users/marietho/Devel/Virtualenvs/rerodoc/src/rerodoc/rerodoc/testsuite/data/record/232466/files/Ski_alpin_-_Manuel_des_capitaines_dequipe.pdf</subfield>
      <subfield code="r"></subfield>
      <subfield code="d">Ski alpin</subfield>
      <subfield code="z">order:13</subfield>
      <subfield code="n">Ski_alpin_-_Manuel_des_capitaines_dequipe.pdf</subfield>
    </datafield>
    <datafield tag="FFT" ind1="" ind2="">
      <subfield code="a">/Users/marietho/Devel/Virtualenvs/rerodoc/src/rerodoc/rerodoc/testsuite/data/record/232466/files/Ski_de_fond_-_Manuel_des_capitaines_dequipe.pdf</subfield>
      <subfield code="r"></subfield>
      <subfield code="d">Ski de fond</subfield>
      <subfield code="z">order:14</subfield>
      <subfield code="n">Ski_de_fond_-_Manuel_des_capitaines_dequipe.pdf</subfield>
    </datafield>
    <datafield tag="FFT" ind1="" ind2="">
      <subfield code="a">/Users/marietho/Devel/Virtualenvs/rerodoc/src/rerodoc/rerodoc/testsuite/data/record/232466/files/Snowboard_-_Manuel_des_capitaines_dequipe.pdf</subfield>
      <subfield code="r"></subfield>
      <subfield code="d">Snowboard</subfield>
      <subfield code="z">order:15</subfield>
      <subfield code="n">Snowboard_-_Manuel_des_capitaines_dequipe.pdf</subfield>
    </datafield>
  </record>