
  <record>
    <datafield tag="041" ind1="" ind2="">
      <subfield code="a">ger</subfield>
    </datafield>
    <datafield tag="080" ind1="" ind2="">
      <subfield code="a">37</subfield>
    </datafield>
    <datafield tag="100" ind1="" ind2="">
      <subfield code="a">Peyer, Elisabeth</subfield>
      <subfield code="u">Universität Fribourg</subfield>
    </datafield>
    <datafield tag="245" ind1="" ind2="">
      <subfield code="a">Projektbericht des SNF-Projekts „Empfehlungen für Basisstandards für die Schulsprachen der Rätoromanen.“</subfield>
      <subfield code="9">ger</subfield>
    </datafield>
    <datafield tag="269" ind1="" ind2="">
      <subfield code="c">2014</subfield>
    </datafield>
    <datafield tag="300" ind1="" ind2="">
      <subfield code="a">78</subfield>
    </datafield>
    <datafield tag="520" ind1="" ind2="">
      <subfield code="a">Dieser Bericht präsentiert methodisches Vorgehen und Resultate des vom Schweizerischen Nationalfonds finanzierten Projekts „Empfehlungen für Basisstandards für die Schulsprachen der Rätoromanen”. Das Projekt hatte zum Ziel, auf der Basis von empirischen Daten, Basisstandards für das Leseverstehen in Romanisch und Deutsch, das Hörverstehen in Romanisch und das Schreiben in Deutsch für das Ende der 6. und 9. Klasse der romanischen Schule zu konkretisieren. Dazu wurden – basierend auf einer Bedarfsanalyse sowie den daraus resultierenden Kompetenzbeschreibungen – kommunikative Sprachtests erstellt und durchgeführt. Insgesamt nahmen 325 Schülerinnen und Schüler an der Erhebung teil. Im vorliegenden Projektbericht werden die Resultate der Sprachtests im Überblick präsentiert und anschliessend sowohl auf der Ebene des Gesamtresultats als auch auf der Ebene der einzelnen Frage-Items Basisstandards konkretisiert. Dabei wird insbesondere auf die Resultate eines mit erfahrenen Lehrpersonen durchgeführten Workshops zur Konkretisierung der Basisstandards eingegangen.</subfield>
      <subfield code="9">ger</subfield>
    </datafield>
    <datafield tag="695" ind1="" ind2="">
      <subfield code="a">romanische Schule ; Basisstandards ; kommunikative Sprachtests ; Deutsch als Zweitsprache ; bilinguale Schule ; Romanisch ; Leseverstehen ; Hörverstehen ; Schreiben ; rezeptive Varietätenkompetenz ; Rumantsch Grischun</subfield>
      <subfield code="9">ger</subfield>
    </datafield>
    <datafield tag="700" ind1="" ind2="">
      <subfield code="a">Bernhard Lindt-Bangerter</subfield>
      <subfield code="u">Universität Fribourg</subfield>
    </datafield>
    <datafield tag="700" ind1="" ind2="">
      <subfield code="a">Susanne Graber</subfield>
      <subfield code="u">Universität Fribourg</subfield>
    </datafield>
    <datafield tag="700" ind1="" ind2="">
      <subfield code="a">Silvana Camenisch</subfield>
      <subfield code="u">Universität Fribourg</subfield>
    </datafield>
    <datafield tag="918" ind1="" ind2="">
      <subfield code="a">Faculté des lettres</subfield>
      <subfield code="c">domaine d’études plurilinguisme et didactique des langues étrangères</subfield>
      <subfield code="b">Décanat, Av. de l'Europe 20, 1700 Fribourg</subfield>
    </datafield>
    <datafield tag="919" ind1="" ind2="">
      <subfield code="a">Université de Fribourg</subfield>
      <subfield code="b">Fribourg</subfield>
      <subfield code="d">doc.support@rero.ch</subfield>
    </datafield>
    <datafield tag="980" ind1="" ind2="">
      <subfield code="a">REPORT</subfield>
      <subfield code="b">UNIFR</subfield>
    </datafield>
    <datafield tag="990" ind1="" ind2="">
      <subfield code="a">20141010101845-GX</subfield>
    </datafield>
    <datafield tag="FFT" ind1="" ind2="">
      <subfield code="a">/Users/marietho/Devel/Virtualenvs/rerodoc/src/rerodoc/rerodoc/testsuite/data/record/232464/files/Projektbericht_Empfehlungen_f_r_Basisstandards_f_r_die_Schulsprachen_der_R_toromanen.pdf</subfield>
      <subfield code="r"></subfield>
      <subfield code="d">Texte intégral</subfield>
      <subfield code="z">order:1</subfield>
      <subfield code="n">Projektbericht_Empfehlungen_f_r_Basisstandards_f_r_die_Schulsprachen_der_R_toromanen.pdf</subfield>
    </datafield>
  </record>