
  <record>
    <datafield tag="035" ind1="" ind2="">
      <subfield code="a">R007904605</subfield>
    </datafield>
    <datafield tag="041" ind1="" ind2="">
      <subfield code="a">fre</subfield>
    </datafield>
    <datafield tag="080" ind1="" ind2="">
      <subfield code="a">616-083</subfield>
    </datafield>
    <datafield tag="100" ind1="" ind2="">
      <subfield code="a">Cunha Proença, Céline</subfield>
    </datafield>
    <datafield tag="245" ind1="" ind2="">
      <subfield code="a">Comment comprendre les hospitalisations répétées en psychiatrie à Genève ?</subfield>
      <subfield code="9">fre</subfield>
      <subfield code="b">travail de Bachelor</subfield>
    </datafield>
    <datafield tag="300" ind1="" ind2="">
      <subfield code="a">157 f.</subfield>
    </datafield>
    <datafield tag="502" ind1="" ind2="">
      <subfield code="a">Mémoire de bachelor : Haute école de santé Genève, 2013</subfield>
      <subfield code="9">2013</subfield>
    </datafield>
    <datafield tag="520" ind1="" ind2="">
      <subfield code="a">Lors de notre formation en soins infirmiers, nous avons été sensibles à une problématique que nous avons rencontrée durant nos stages dans le domaine de la santé mentale. Nous avons souhaité développer la thématique des hospitalisations répétées, également appelée « syndrome de la porte tournante », car il s’agit d’un sujet d’actualité à Genève. A travers ce travail de Bachelor, notre objectif est de comprendre ce phénomène et les répercussions qu’il entraîne. Pour obtenir des réponses à nos questions, nous avons réalisé des entretiens avec des professionnels de la santé, ainsi qu’avec des personnes souffrant de troubles psychiques. Les recherches effectuées, ainsi que les entretiens avec les professionnels de la santé, nous ont apporté des éléments de réponse concernant le phénomène des hospitalisations répétées. Les facteurs permettant de comprendre cette problématique seront explicités tout au long de ce travail. Ce travail nous a permis de voir l’importance d’accompagner la personne souffrant de troubles psychiques dans son environnement et d’adapter notre pratique pour soutenir au mieux la personne dans son quotidien. En ce qui concerne les nouvelles perspectives qu’offre notre travail, nous pouvons souligner l’importance de l’image véhiculée par la psychiatrie au sein de la société. Il s’avère nécessaire de sensibiliser la population au sujet des maladies psychiques, pour permettre de changer le regard sur les personnes présentant des troubles psychiques.</subfield>
      <subfield code="9">fre</subfield>
    </datafield>
    <datafield tag="600" ind1="" ind2="">
      <subfield code="9">650_7</subfield>
      <subfield code="a">Psychiatrie</subfield>
      <subfield code="2">rero</subfield>
    </datafield>
    <datafield tag="600" ind1="" ind2="">
      <subfield code="9">650_7</subfield>
      <subfield code="a">Réhospitalisation</subfield>
      <subfield code="2">rero</subfield>
    </datafield>
    <datafield tag="600" ind1="" ind2="">
      <subfield code="9">650_7</subfield>
      <subfield code="a">Soins infirmiers en psychiatrie</subfield>
      <subfield code="2">rero</subfield>
    </datafield>
    <datafield tag="695" ind1="" ind2="">
      <subfield code="a">Psychiatrie ; Santé mentale ; Syndrome de la porte tournante ; Hospitalisations répétées ; Désinstitutionalisation ; Stigmatisation de la maladie ; Créativité dans les soins</subfield>
      <subfield code="9">fre</subfield>
    </datafield>
    <datafield tag="695" ind1="" ind2="">
      <subfield code="a">Psychiatry ; Mental health ; Revolving door syndrom ; Repeated hospitalizations ; Desinstitutionalization ; Stigma of mental illness ; Creativity in care</subfield>
      <subfield code="9">eng</subfield>
    </datafield>
    <datafield tag="700" ind1="" ind2="">
      <subfield code="a">Léguillon, Céline</subfield>
    </datafield>
    <datafield tag="700" ind1="" ind2="">
      <subfield code="a">Thöni, Pétronille</subfield>
    </datafield>
    <datafield tag="700" ind1="" ind2="">
      <subfield code="a">Cinter, Françoise</subfield>
      <subfield code="e">Dir.</subfield>
    </datafield>
    <datafield tag="919" ind1="" ind2="">
      <subfield code="a">Haute école de santé Genève</subfield>
      <subfield code="b">Genève</subfield>
      <subfield code="d">doc.support@rero.ch</subfield>
    </datafield>
    <datafield tag="980" ind1="" ind2="">
      <subfield code="a">DISSERTATION</subfield>
      <subfield code="b">HEDSGE</subfield>
      <subfield code="f">DISS_BACHELOR</subfield>
    </datafield>
    <datafield tag="990" ind1="" ind2="">
      <subfield code="a">20141010092451-DT</subfield>
    </datafield>
    <datafield tag="FFT" ind1="" ind2="">
      <subfield code="a">/Users/marietho/Devel/Virtualenvs/rerodoc/src/rerodoc/rerodoc/testsuite/data/record/232463/files/TravailBachelorFinal.pdf</subfield>
      <subfield code="r"></subfield>
      <subfield code="d">Texte intégral</subfield>
      <subfield code="z">order:1</subfield>
      <subfield code="n">TravailBachelorFinal.pdf</subfield>
    </datafield>
  </record>