
  <record>
    <datafield tag="035" ind1="" ind2="">
      <subfield code="a">R007904199</subfield>
    </datafield>
    <datafield tag="041" ind1="" ind2="">
      <subfield code="a">fre</subfield>
    </datafield>
    <datafield tag="080" ind1="" ind2="">
      <subfield code="a">616-083</subfield>
    </datafield>
    <datafield tag="100" ind1="" ind2="">
      <subfield code="a">Coelho Graça, Leila Amarina</subfield>
    </datafield>
    <datafield tag="245" ind1="" ind2="">
      <subfield code="a">Le mentorat comme stratégie de fidélisation des infirmières jeunes diplômées dans la première année d'exercice de leur profession</subfield>
      <subfield code="9">fre</subfield>
      <subfield code="b">travail de Bachelor</subfield>
    </datafield>
    <datafield tag="300" ind1="" ind2="">
      <subfield code="a">73 f.</subfield>
    </datafield>
    <datafield tag="502" ind1="" ind2="">
      <subfield code="a">Mémoire de bachelor : Haute école de santé Genève, 2014</subfield>
      <subfield code="9">2014</subfield>
    </datafield>
    <datafield tag="520" ind1="" ind2="">
      <subfield code="a">Contexte La profession infirmière se trouve actuellement dans un contexte de pénurie, causé entre autre par le vieillissement de la population, les nombreux départs à la retraite de la génération « baby-boom » et les conditions de travail. Afin de freiner l’intention de quitter la profession, des stratégies de fidélisation ont été mises en place et testées dans différentes institutions. Le mentorat en fait partie, et a fait ses preuves dans la résolution de cette problématique. Objectifs Les objectifs de ce travail de Bachelor sont d’identifier les déterminants de la fidélisation et les interventions de mentorat les plus efficaces, puis de formuler des recommandations basées sur la littérature scientifique aux écoles de santé, aux institutions hospitalières, aux jeunes diplômées ainsi qu’à la recherche scientifique. Méthode Nous avons conduit une revue de la littérature scientifique afin de construire notre cadre conceptuel et de répondre à nos objectifs. Résultats Les déterminants du turnover sont variés, et peuvent être regroupés en plusieurs catégories : les facteurs individuels, les relations entre les cadres et les employées, le stress, les conditions de travail, l’intention et les raisons de quitter la profession ou une institution, l’épuisement professionnel, l’ambiance au travail, la transition entre la formation et le monde du travail, et enfin la mise en application ou non du leadership authentique. Afin de contrer le turnover, le mentorat, entre autres interventions, a été mis en place et a fait ses preuves. Conclusion Les institutions hospitalières se voient obligées de mettre en place des stratégies de fidélisation afin de contrer l’intention de quitter la profession ou une institution, et ainsi de freiner le turnover. Une de ces stratégies ayant fait ses preuves est le mentorat.</subfield>
      <subfield code="9">fre</subfield>
    </datafield>
    <datafield tag="600" ind1="" ind2="">
      <subfield code="9">650_7</subfield>
      <subfield code="a">Accompagnement individuel</subfield>
      <subfield code="2">rero</subfield>
    </datafield>
    <datafield tag="600" ind1="" ind2="">
      <subfield code="9">650_7</subfield>
      <subfield code="a">Personnel - Fidélisation</subfield>
      <subfield code="2">rero</subfield>
    </datafield>
    <datafield tag="600" ind1="" ind2="">
      <subfield code="9">650_7</subfield>
      <subfield code="a">Démission</subfield>
      <subfield code="2">rero</subfield>
    </datafield>
    <datafield tag="600" ind1="" ind2="">
      <subfield code="9">650_7</subfield>
      <subfield code="a">Infirmières</subfield>
      <subfield code="2">rero</subfield>
    </datafield>
    <datafield tag="600" ind1="" ind2="">
      <subfield code="9">650_7</subfield>
      <subfield code="a">Personnel - Rotation</subfield>
      <subfield code="2">rero</subfield>
    </datafield>
    <datafield tag="600" ind1="" ind2="">
      <subfield code="9">650_7</subfield>
      <subfield code="a">Satisfaction au travail</subfield>
      <subfield code="2">rero</subfield>
    </datafield>
    <datafield tag="695" ind1="" ind2="">
      <subfield code="a">Fidélisation ; Mentorat ; Intention de quitter ; Pénurie ; Satisfaction au travail ; Turnover</subfield>
      <subfield code="9">fre</subfield>
    </datafield>
    <datafield tag="695" ind1="" ind2="">
      <subfield code="a">Retention ; Tutoring ; Intention to leave ; Shortage ; Job satisfaction ; Turnover</subfield>
      <subfield code="9">eng</subfield>
    </datafield>
    <datafield tag="700" ind1="" ind2="">
      <subfield code="a">Thentz, Camille</subfield>
    </datafield>
    <datafield tag="700" ind1="" ind2="">
      <subfield code="a">Addor, Véronique</subfield>
      <subfield code="e">Dir.</subfield>
    </datafield>
    <datafield tag="919" ind1="" ind2="">
      <subfield code="a">Haute école de santé Genève</subfield>
      <subfield code="b">Genève</subfield>
      <subfield code="d">doc.support@rero.ch</subfield>
    </datafield>
    <datafield tag="980" ind1="" ind2="">
      <subfield code="a">DISSERTATION</subfield>
      <subfield code="b">HEDSGE</subfield>
      <subfield code="f">DISS_BACHELOR</subfield>
    </datafield>
    <datafield tag="990" ind1="" ind2="">
      <subfield code="a">20141009153149-MU</subfield>
    </datafield>
    <datafield tag="FFT" ind1="" ind2="">
      <subfield code="a">/Users/marietho/Devel/Virtualenvs/rerodoc/src/rerodoc/rerodoc/testsuite/data/record/232462/files/Travail_de_Bachelor-_Final2.pdf</subfield>
      <subfield code="r"></subfield>
      <subfield code="d">Texte intégral</subfield>
      <subfield code="z">order:1</subfield>
      <subfield code="n">Travail_de_Bachelor-_Final2.pdf</subfield>
    </datafield>
  </record>