
  <record>
    <datafield tag="035" ind1="" ind2="">
      <subfield code="a">R007904139</subfield>
    </datafield>
    <datafield tag="041" ind1="" ind2="">
      <subfield code="a">fre</subfield>
    </datafield>
    <datafield tag="080" ind1="" ind2="">
      <subfield code="a">616-083</subfield>
    </datafield>
    <datafield tag="100" ind1="" ind2="">
      <subfield code="a">Chatelain, Sophie</subfield>
    </datafield>
    <datafield tag="245" ind1="" ind2="">
      <subfield code="a">Déterminants du syndrome de stress post-traumatique et interventions pour y remédier chez les infirmières au retour de mission humanitaire</subfield>
      <subfield code="9">fre</subfield>
      <subfield code="b">travail de Bachelor</subfield>
    </datafield>
    <datafield tag="300" ind1="" ind2="">
      <subfield code="a">77 f.</subfield>
    </datafield>
    <datafield tag="502" ind1="" ind2="">
      <subfield code="a">Mémoire de bachelor : Haute école de santé Genève, 2014</subfield>
      <subfield code="9">2014</subfield>
    </datafield>
    <datafield tag="520" ind1="" ind2="">
      <subfield code="a">De nos jours, le domaine de l’humanitaire est confronté à de nouveaux types de conflits et à des catastrophes plus importantes en intensité, en durée et en fréquence. Les infirmières partant en mission humanitaire doivent faire face à de nouveaux défis et à des situations souvent complexes et stressantes qui peuvent engendrer le développement d’un syndrome de stress post-traumatique (PTSD). Les objectifs de ce travail sont d’identifier les déterminants influençant le développement d’un PTSD chez les infirmières au retour de mission humanitaire puis de déterminer quelles en sont les conséquences. Des interventions visant à faciliter l’adaptation des infirmières sont décrites et des recommandations proposées, basées sur une revue de la littérature scientifique. Un cadre conceptuel est proposé afin de déterminer les liens entre les différents déterminants du PTSD dans le cadre humanitaire. Nos recherches ont permis d’identifier le sexe féminin, les antécédents d’événements traumatiques ainsi que la sévérité de l’exposition comme des facteurs de risque majeurs. Une consommation augmentée de tabac et alcool a été observée comme une conséquence des événements vécus sur le terrain. La préparation avant de partir en mission et une communication interne efficace ont été identifiés comme des facteurs protecteurs réduisant l’apparition d’un PTSD. Les données récoltées par cette revue de la littérature ont permis de mettre en évidence plusieurs déterminants jouant un rôle dans le risque de développer un PTSD. Cependant, les différences méthodologiques entre les recherches scientifiques et la complexité des maladies psychiatriques nous obligent à émettre des réserves quant au lien de causalité entre les facteurs de risque identifiés et le développement ou non d’un PTSD dans un cadre humanitaire.</subfield>
      <subfield code="9">fre</subfield>
    </datafield>
    <datafield tag="600" ind1="" ind2="">
      <subfield code="9">650_7</subfield>
      <subfield code="a">Névroses post-traumatiques</subfield>
      <subfield code="2">rero</subfield>
    </datafield>
    <datafield tag="600" ind1="" ind2="">
      <subfield code="9">650_7</subfield>
      <subfield code="a">Aide humanitaire</subfield>
      <subfield code="2">rero</subfield>
    </datafield>
    <datafield tag="600" ind1="" ind2="">
      <subfield code="9">650_7</subfield>
      <subfield code="a">Infirmières</subfield>
      <subfield code="2">rero</subfield>
    </datafield>
    <datafield tag="695" ind1="" ind2="">
      <subfield code="a">Infirmiers ; Humanitaire ; Syndrome de stress post-traumatique ; Anxiété ; Stress</subfield>
      <subfield code="9">fre</subfield>
    </datafield>
    <datafield tag="695" ind1="" ind2="">
      <subfield code="a">Nurses ; Humanitarian ; Posttraumatic stress disorder ; Anxiety ; Stress</subfield>
      <subfield code="9">eng</subfield>
    </datafield>
    <datafield tag="700" ind1="" ind2="">
      <subfield code="a">Pastore, Morgane</subfield>
    </datafield>
    <datafield tag="700" ind1="" ind2="">
      <subfield code="a">Addor, Véronique</subfield>
      <subfield code="e">Dir.</subfield>
    </datafield>
    <datafield tag="919" ind1="" ind2="">
      <subfield code="a">Haute école de santé Genève</subfield>
      <subfield code="b">Genève</subfield>
      <subfield code="d">doc.support@rero.ch</subfield>
    </datafield>
    <datafield tag="980" ind1="" ind2="">
      <subfield code="a">DISSERTATION</subfield>
      <subfield code="b">HEDSGE</subfield>
      <subfield code="f">DISS_BACHELOR</subfield>
    </datafield>
    <datafield tag="990" ind1="" ind2="">
      <subfield code="a">20141009150942-VS</subfield>
    </datafield>
    <datafield tag="FFT" ind1="" ind2="">
      <subfield code="a">/Users/marietho/Devel/Virtualenvs/rerodoc/src/rerodoc/rerodoc/testsuite/data/record/232461/files/Travail_de_Bachelor_PTSD_final.pdf</subfield>
      <subfield code="r"></subfield>
      <subfield code="d">Texte intégral</subfield>
      <subfield code="z">order:1</subfield>
      <subfield code="n">Travail_de_Bachelor_PTSD_final.pdf</subfield>
    </datafield>
  </record>