
  <record>
    <datafield tag="035" ind1="" ind2="">
      <subfield code="a">R007903874</subfield>
    </datafield>
    <datafield tag="041" ind1="" ind2="">
      <subfield code="a">fre</subfield>
    </datafield>
    <datafield tag="080" ind1="" ind2="">
      <subfield code="a">616-083</subfield>
    </datafield>
    <datafield tag="100" ind1="" ind2="">
      <subfield code="a">Carli, Tiffany</subfield>
    </datafield>
    <datafield tag="245" ind1="" ind2="">
      <subfield code="a">L'observance thérapeutique chez les enfants âgés de 8 à 12 ans atteints de mucoviscidose</subfield>
      <subfield code="9">fre</subfield>
      <subfield code="b">facteurs influençant et interventions liées : travail de Bachelor</subfield>
    </datafield>
    <datafield tag="300" ind1="" ind2="">
      <subfield code="a">126 f.</subfield>
    </datafield>
    <datafield tag="502" ind1="" ind2="">
      <subfield code="a">Mémoire de bachelor : Haute école de santé Genève, 2014</subfield>
      <subfield code="9">2014</subfield>
    </datafield>
    <datafield tag="520" ind1="" ind2="">
      <subfield code="a">Problématique : La mucoviscidose est une maladie génétique fréquente et incurable, qui affecte plusieurs organes. Grâce aux avancées médicales, les personnes atteintes survivent beaucoup plus longtemps. Ceci n’est en partie possible que si elles suivent les prescriptions médicales. Or, cela n’est pas forcément le cas. Une faible observance peut avoir de graves conséquences. C’est pourquoi, étudier ce sujet semble pertinent. Objectifs : Ce travail a pour objectif d’identifier les facteurs influençant la gestion des auto-soins chez les enfants âgés de 8 à 12 ans atteints de mucoviscidose et chez leurs parents. Il a également pour cible de recenser les interventions infirmières favorisant l’observance, basées sur des données probantes. La gestion de la mucoviscidose nécessite principalement des soins quotidiens réalisés à domicile. Il est donc important que les patients et leurs familles soient autonomes dans ces derniers. C’est pourquoi, ce travail sera analysé grâce au modèle de soins de Dorothea Orem. Stratégies : Une revue de la littérature a été réalisée. Onze articles ont été trouvés dans différentes bases de données puis analysés selon la grille de Fortin. Résultats : Les facteurs intervenants dans l’observance sont principalement liés aux traitements, à la maladie, à la relation soignant-soigné et au patient lui-même. Perspectives : L’observance est un enjeu de santé publique qu’il ne faut pas sous-estimer. C’est un sujet complexe qui suscite de nombreuses questions méritant des recherches plus approfondies.</subfield>
      <subfield code="9">fre</subfield>
    </datafield>
    <datafield tag="600" ind1="" ind2="">
      <subfield code="9">650_7</subfield>
      <subfield code="a">Enfants atteints de mucoviscidose</subfield>
      <subfield code="2">rero</subfield>
    </datafield>
    <datafield tag="600" ind1="" ind2="">
      <subfield code="9">650_7</subfield>
      <subfield code="a">Médicaments</subfield>
      <subfield code="2">rero</subfield>
    </datafield>
    <datafield tag="600" ind1="" ind2="">
      <subfield code="9">650_7</subfield>
      <subfield code="a">Parents</subfield>
      <subfield code="2">rero</subfield>
    </datafield>
    <datafield tag="600" ind1="" ind2="">
      <subfield code="9">650_7</subfield>
      <subfield code="a">Éducation des patients</subfield>
      <subfield code="2">rero</subfield>
    </datafield>
    <datafield tag="600" ind1="" ind2="">
      <subfield code="9">650_7</subfield>
      <subfield code="a">Enfants malades chroniques</subfield>
      <subfield code="2">rero</subfield>
    </datafield>
    <datafield tag="695" ind1="" ind2="">
      <subfield code="a">Mucoviscidose ; Maladie chronique ; Auto-soin ; Observance ; Adhésion thérapeutique ; Enfants</subfield>
      <subfield code="9">fre</subfield>
    </datafield>
    <datafield tag="695" ind1="" ind2="">
      <subfield code="a">Cystic fibrosis ; Chronic disease ; Self-care ; Compliance ; Children</subfield>
      <subfield code="9">eng</subfield>
    </datafield>
    <datafield tag="700" ind1="" ind2="">
      <subfield code="a">Domergue, Delphine</subfield>
    </datafield>
    <datafield tag="700" ind1="" ind2="">
      <subfield code="a">Maupetit, Christine</subfield>
      <subfield code="e">Dir.</subfield>
    </datafield>
    <datafield tag="918" ind1="" ind2="">
      <subfield code="a">Haute école de santé Genève</subfield>
      <subfield code="b">Avenue de Champel 47, 1906 Genève</subfield>
    </datafield>
    <datafield tag="919" ind1="" ind2="">
      <subfield code="a">Haute école de santé Genève</subfield>
      <subfield code="b">Genève</subfield>
      <subfield code="d">doc.support@rero.ch</subfield>
    </datafield>
    <datafield tag="980" ind1="" ind2="">
      <subfield code="a">DISSERTATION</subfield>
      <subfield code="b">HEDSGE</subfield>
      <subfield code="f">DISS_BACHELOR</subfield>
    </datafield>
    <datafield tag="990" ind1="" ind2="">
      <subfield code="a">20141009134949-AT</subfield>
    </datafield>
    <datafield tag="FFT" ind1="" ind2="">
      <subfield code="a">/Users/marietho/Devel/Virtualenvs/rerodoc/src/rerodoc/rerodoc/testsuite/data/record/232459/files/Annexes_TB_12_finale.pdf</subfield>
      <subfield code="r"></subfield>
      <subfield code="d">Texte intégral</subfield>
      <subfield code="z">order:1</subfield>
      <subfield code="n">Annexes_TB_12_finale.pdf</subfield>
    </datafield>
    <datafield tag="FFT" ind1="" ind2="">
      <subfield code="a">/Users/marietho/Devel/Virtualenvs/rerodoc/src/rerodoc/rerodoc/testsuite/data/record/232459/files/TB11_final.pdf</subfield>
      <subfield code="r"></subfield>
      <subfield code="d">Texte intégral</subfield>
      <subfield code="z">order:2</subfield>
      <subfield code="n">TB11_final.pdf</subfield>
    </datafield>
  </record>