
  <record>
    <datafield tag="035" ind1="" ind2="">
      <subfield code="a">R007902259</subfield>
    </datafield>
    <datafield tag="041" ind1="" ind2="">
      <subfield code="a">fre</subfield>
    </datafield>
    <datafield tag="080" ind1="" ind2="">
      <subfield code="a">78</subfield>
    </datafield>
    <datafield tag="100" ind1="" ind2="">
      <subfield code="a">Senn, Maurice,</subfield>
    </datafield>
    <datafield tag="245" ind1="" ind2="">
      <subfield code="a">Catalogue des oeuvres de Bernard Chenaux</subfield>
      <subfield code="9">fre</subfield>
      <subfield code="b">brochure complémentaire au Catalogue Chatton (1995)</subfield>
    </datafield>
    <datafield tag="260" ind1="" ind2="">
      <subfield code="a">Fribourg :</subfield>
      <subfield code="c">2014</subfield>
      <subfield code="b">Bibliothèque cantonale et universitaire,</subfield>
    </datafield>
    <datafield tag="300" ind1="" ind2="">
      <subfield code="a">1 livre électronique (e-book)</subfield>
    </datafield>
    <datafield tag="533" ind1="" ind2="">
      <subfield code="a">Reproduction électronique.</subfield>
      <subfield code="c">Bibliothèque cantonale et universitaire de Fribourg,</subfield>
      <subfield code="b">Fribourg :</subfield>
      <subfield code="d">2014.</subfield>
    </datafield>
    <datafield tag="600" ind1="" ind2="">
      <subfield code="9">60017</subfield>
      <subfield code="a">Chenaux, Bernard</subfield>
      <subfield code="2">rero</subfield>
    </datafield>
    <datafield tag="700" ind1="" ind2="">
      <subfield code="a">De Aguiar, Renato</subfield>
    </datafield>
    <datafield tag="710" ind1="" ind2="">
      <subfield code="a">Bibliothèque cantonale et universitaire (Fribourg)</subfield>
    </datafield>
    <datafield tag="919" ind1="" ind2="">
      <subfield code="a">Bibliothèque cantonale et universitaire Fribourg</subfield>
      <subfield code="b">Fribourg</subfield>
      <subfield code="d">doc.support@rero.ch</subfield>
    </datafield>
    <datafield tag="980" ind1="" ind2="">
      <subfield code="a">BOOK</subfield>
      <subfield code="b">BCUFR</subfield>
    </datafield>
    <datafield tag="982" ind1="" ind2="">
      <subfield code="a">Ouvrages de référence fribourgeois</subfield>
    </datafield>
    <datafield tag="982" ind1="" ind2="">
      <subfield code="a">Catalogues fribourgeois</subfield>
    </datafield>
    <datafield tag="990" ind1="" ind2="">
      <subfield code="a">20141009100530-JJ</subfield>
    </datafield>
    <datafield tag="FFT" ind1="" ind2="">
      <subfield code="a">/Users/marietho/Devel/Virtualenvs/rerodoc/src/rerodoc/rerodoc/testsuite/data/record/232458/files/Catalogue_Chenaux_1995.pdf</subfield>
      <subfield code="r"></subfield>
      <subfield code="d">Texte intégral</subfield>
      <subfield code="z">order:1</subfield>
      <subfield code="n">Catalogue_Chenaux_1995.pdf</subfield>
    </datafield>
  </record>