
  <record>
    <datafield tag="041" ind1="" ind2="">
      <subfield code="a">fre</subfield>
    </datafield>
    <datafield tag="080" ind1="" ind2="">
      <subfield code="a">37</subfield>
    </datafield>
    <datafield tag="100" ind1="" ind2="">
      <subfield code="a">Wilhem, Rosalie</subfield>
    </datafield>
    <datafield tag="245" ind1="" ind2="">
      <subfield code="a">L’entrée dans l’écrit grâce au nouveau moyen romand "des albums pour dire, lire, écrire" et son appropriation par les enseignants de 1ere- 2e Harmos</subfield>
      <subfield code="9">fre</subfield>
    </datafield>
    <datafield tag="300" ind1="" ind2="">
      <subfield code="a">103 p.</subfield>
    </datafield>
    <datafield tag="500" ind1="" ind2="">
      <subfield code="a">Mémoire professionnel, Bachelor of Arts en enseignement pour les degrés préscolaire et primaire, Volée 2010-2013</subfield>
    </datafield>
    <datafield tag="502" ind1="" ind2="">
      <subfield code="a">Mémoire de bachelor : Haute école pédagogique BEJUNE, 2013</subfield>
      <subfield code="9">2013</subfield>
    </datafield>
    <datafield tag="520" ind1="" ind2="">
      <subfield code="a">Ce travail aborde l’entrée dans le monde de l’écrit chez les enfants de première et de deuxième année HarmoS. La société et l’école ont évolué parallèlement. Ce qui était appelé « école enfantine » fait maintenant, depuis l’introduction d’HarmoS, partie de la scolarité « primaire » et constitue les degrés un et deux, obligatoires pour les enfants dès quatre ans. L’apprentissage de la lecture suscite de nombreux débats depuis plusieurs décennies. Plusieurs théories se sont opposées durant le dernier siècle pour arriver aujourd’hui aux approches interactives, qui concilient l’apprentissage de la lecture et de l’écriture. Dès le mois d’août 2012, les enseignants romands des deux premiers degrés ont dû intégrer dans leur classe le nouveau moyen en didactique du français : « Des albums pour dire, écrire, lire. Séquences didactiques » (Auvergne et al., 2011) (ci-après « DEL »). Cette démarche répond aux besoins de formation des jeunes élèves prévus par le Plan d’études romand (2010). « DEL » (2011) présente l’entrée dans l’écrit sous un nouveau jour, en plaçant notamment l’élève en situation d’écrivain. Ma recherche s’intéresse particulièrement à l’appropriation de ce moyen par les enseignantes, ainsi qu’à la situation-problème « Lecture/écriture émergente » de la phase d’entrée dans l’écrit.</subfield>
      <subfield code="9">fre</subfield>
    </datafield>
    <datafield tag="695" ind1="" ind2="">
      <subfield code="a">Lecture/écriture émergente ; écriture ; lecture ; apprentissage ; moyen d'enseignement</subfield>
      <subfield code="9">fre</subfield>
    </datafield>
    <datafield tag="700" ind1="" ind2="">
      <subfield code="a">Groothuis, Patricia</subfield>
      <subfield code="e">Dir.</subfield>
    </datafield>
    <datafield tag="919" ind1="" ind2="">
      <subfield code="a">Haute école pédagogique BEJUNE</subfield>
      <subfield code="b">Porrentruy</subfield>
      <subfield code="d">doc.support@rero.ch</subfield>
    </datafield>
    <datafield tag="980" ind1="" ind2="">
      <subfield code="a">DISSERTATION</subfield>
      <subfield code="b">HEPBEJUNE</subfield>
      <subfield code="f">DISS_BACHELOR</subfield>
    </datafield>
    <datafield tag="990" ind1="" ind2="">
      <subfield code="a">20141008164947-KM</subfield>
    </datafield>
    <datafield tag="FFT" ind1="" ind2="">
      <subfield code="a">/Users/marietho/Devel/Virtualenvs/rerodoc/src/rerodoc/rerodoc/testsuite/data/record/232457/files/PF1_2013_MP_WilhemRosalie.pdf</subfield>
      <subfield code="r"></subfield>
      <subfield code="d">Fichier principal</subfield>
      <subfield code="z">order:1</subfield>
      <subfield code="n">PF1_2013_MP_WilhemRosalie.pdf</subfield>
    </datafield>
  </record>