
  <record>
    <datafield tag="041" ind1="" ind2="">
      <subfield code="a">fre</subfield>
    </datafield>
    <datafield tag="080" ind1="" ind2="">
      <subfield code="a">7</subfield>
    </datafield>
    <datafield tag="100" ind1="" ind2="">
      <subfield code="a">Vonnez, Camille</subfield>
    </datafield>
    <datafield tag="245" ind1="" ind2="">
      <subfield code="a">Dess(e)ins en mouvement</subfield>
      <subfield code="9">fre</subfield>
      <subfield code="b">la place de l’enseignement artistique dans le programme scolaire primaire à l'heure de l'harmonisation des objectifs en Suisse romande</subfield>
    </datafield>
    <datafield tag="300" ind1="" ind2="">
      <subfield code="a">52 p.</subfield>
    </datafield>
    <datafield tag="500" ind1="" ind2="">
      <subfield code="a">Mémoire professionnel, Bachelor of Arts en enseignement pour les degrés préscolaire et primaire, Volée 2010-2013</subfield>
    </datafield>
    <datafield tag="502" ind1="" ind2="">
      <subfield code="a">Mémoire de bachelor : Haute école pédagogique BEJUNE, 2013</subfield>
      <subfield code="9">2013</subfield>
    </datafield>
    <datafield tag="520" ind1="" ind2="">
      <subfield code="a">A l’heure d’une harmonisation de la scolarité obligatoire et de l’adoption du Plan d’Etudes Romand (PER), les enseignants amorcent une période de transition, durant laquelle leurs conceptions se voient confrontées aux visées générales explicitées dans le nouveau cadre de référence. Dans un mouvement d’intérêt européen pour accorder plus d’importance aux disciplines artistiques, le contexte scolaire est défini comme un cadre d’action privilégié. Liant ces deux actualités, ce travail considère ainsi la place de l’enseignement artistique dans le moment charnière vécu par le système scolaire. Les enseignants étant les premiers acteurs responsables de la formation artistique des jeunes élèves, ce mémoire de bachelor se focalise sur les considérations enseignantes – à plusieurs niveaux. L’enseignement artistique, le contenu et la construction du PER et le lien entre l’enfant et le domaine de Arts sont autant d’éléments questionnés qui alimentent la recherche même de ce travail. L’utilisation d’une méthodologie active, pratique et concrète vient appuyer cette thématique actuelle et offre aux divers acteurs de l’école l’opportunité d’approfondir la position du domaine des Arts dans le cadre de référence et d’adopter une posture réflexive quant à leurs conceptions et leur fonctionnement au sein du contexte scolaire.</subfield>
      <subfield code="9">fre</subfield>
    </datafield>
    <datafield tag="695" ind1="" ind2="">
      <subfield code="a">enseignement artistique ; PER ; capacités cognitives ; activités créatrices et manuelles ; processus créatif</subfield>
      <subfield code="9">fre</subfield>
    </datafield>
    <datafield tag="700" ind1="" ind2="">
      <subfield code="a">Lucena, Ana-Vanêssa</subfield>
      <subfield code="e">Dir.</subfield>
    </datafield>
    <datafield tag="919" ind1="" ind2="">
      <subfield code="a">Haute école pédagogique BEJUNE</subfield>
      <subfield code="b">Porrentruy</subfield>
      <subfield code="d">doc.support@rero.ch</subfield>
    </datafield>
    <datafield tag="980" ind1="" ind2="">
      <subfield code="a">DISSERTATION</subfield>
      <subfield code="b">HEPBEJUNE</subfield>
      <subfield code="f">DISS_BACHELOR</subfield>
    </datafield>
    <datafield tag="990" ind1="" ind2="">
      <subfield code="a">20141008164412-TM</subfield>
    </datafield>
    <datafield tag="FFT" ind1="" ind2="">
      <subfield code="a">/Users/marietho/Devel/Virtualenvs/rerodoc/src/rerodoc/rerodoc/testsuite/data/record/232456/files/PF1_2013_MP_VonnezCamille.pdf</subfield>
      <subfield code="r"></subfield>
      <subfield code="d">fichier principal</subfield>
      <subfield code="z">order:1</subfield>
      <subfield code="n">PF1_2013_MP_VonnezCamille.pdf</subfield>
    </datafield>
  </record>