
  <record>
    <datafield tag="041" ind1="" ind2="">
      <subfield code="a">fre</subfield>
    </datafield>
    <datafield tag="080" ind1="" ind2="">
      <subfield code="a">37</subfield>
    </datafield>
    <datafield tag="100" ind1="" ind2="">
      <subfield code="a">Bergen, Céline von</subfield>
    </datafield>
    <datafield tag="245" ind1="" ind2="">
      <subfield code="a">La notion du temps à l'école enfantine</subfield>
      <subfield code="9">fre</subfield>
    </datafield>
    <datafield tag="300" ind1="" ind2="">
      <subfield code="a">62 p.</subfield>
    </datafield>
    <datafield tag="500" ind1="" ind2="">
      <subfield code="a">Mémoire professionnel, Bachelor of Arts en enseignement pour 
les degrés préscolaire et primaire, Volée 2010-2013</subfield>
    </datafield>
    <datafield tag="502" ind1="" ind2="">
      <subfield code="a">Mémoire de bachelor : Haute école pédagogique BEJUNE, 2013</subfield>
      <subfield code="9">2013</subfield>
    </datafield>
    <datafield tag="520" ind1="" ind2="">
      <subfield code="a">Pour résumer en quelques mots ce travail de recherche, je retiendrai la  complexité du thème. En effet, la notion du temps est un thème qui nous  pousse tous à la réflexion : Comment le définir, et surtout comment  l’enseigner ? Voici l’enjeu de ce travail de recherche ; mon but est de  comprendre et de m’approprier un peu plus la notion du temps tout en  cherchant à comprendre comment nous pouvons l’enseigner à des  enfants âgés de 4 à 6 ans, donc dans le cadre de l’école enfantine. Ce  travail est basé sur les capacités et les compétences requises des  enfants âgés de 4 à 6 ans, dans la perspective de leur aider à  progresser dans la compréhension et l’appropriation de la notion du  temps. Dans ce travail, je vous explique également la démarche que j’ai  mise en place et je vous fais part des différentes informations que j’ai  récoltées. Ces informations proviennent de sources variées, une  première partie des lectures d’ouvrages que j’ai effectuées, la seconde  partie découle des entretiens exploratoires auprès d’enseignantes et de  l’expérimentation mise en place dans une classe d’école enfantine.  Finalement, dans le bilan des informations récoltées, nous trouvons la  réponse à ma question de recherche.</subfield>
      <subfield code="9">fre</subfield>
    </datafield>
    <datafield tag="695" ind1="" ind2="">
      <subfield code="a">Temps ; Enfant ; Ecole enfantine ; Apprentissage ; Complexité</subfield>
      <subfield code="9">fre</subfield>
    </datafield>
    <datafield tag="700" ind1="" ind2="">
      <subfield code="a">Migy, Pierre</subfield>
      <subfield code="e">Dir.</subfield>
    </datafield>
    <datafield tag="919" ind1="" ind2="">
      <subfield code="a">Haute école pédagogique BEJUNE</subfield>
      <subfield code="b">Porrentruy</subfield>
      <subfield code="d">doc.support@rero.ch</subfield>
    </datafield>
    <datafield tag="980" ind1="" ind2="">
      <subfield code="a">DISSERTATION</subfield>
      <subfield code="b">HEPBEJUNE</subfield>
      <subfield code="f">DISS_BACHELOR</subfield>
    </datafield>
    <datafield tag="990" ind1="" ind2="">
      <subfield code="a">20141008163831-ST</subfield>
    </datafield>
    <datafield tag="FFT" ind1="" ind2="">
      <subfield code="a">/Users/marietho/Devel/Virtualenvs/rerodoc/src/rerodoc/rerodoc/testsuite/data/record/232455/files/PF1_2013_MP_vonBergenCeline.pdf</subfield>
      <subfield code="r"></subfield>
      <subfield code="d">Texte intégral</subfield>
      <subfield code="z">order:1</subfield>
      <subfield code="n">PF1_2013_MP_vonBergenCeline.pdf</subfield>
    </datafield>
  </record>