
  <record>
    <datafield tag="041" ind1="" ind2="">
      <subfield code="a">fre</subfield>
    </datafield>
    <datafield tag="080" ind1="" ind2="">
      <subfield code="a">37</subfield>
    </datafield>
    <datafield tag="100" ind1="" ind2="">
      <subfield code="a">Stiefel, Naomi</subfield>
    </datafield>
    <datafield tag="245" ind1="" ind2="">
      <subfield code="a">« Maman, comment ça s’écrit mon nom ? »</subfield>
      <subfield code="9">fre</subfield>
      <subfield code="b">regards et pratiques en milieux intra et extrascolaire</subfield>
    </datafield>
    <datafield tag="300" ind1="" ind2="">
      <subfield code="a">81 p.</subfield>
    </datafield>
    <datafield tag="500" ind1="" ind2="">
      <subfield code="a">Mémoire professionnel, Bachelor of Arts en enseignement pour les degrés préscolaire et primaire, Volée 2010-2013</subfield>
    </datafield>
    <datafield tag="502" ind1="" ind2="">
      <subfield code="a">Mémoire de bachelor : Haute école pédagogique BEJUNE, 2013</subfield>
      <subfield code="9">2013</subfield>
    </datafield>
    <datafield tag="520" ind1="" ind2="">
      <subfield code="a">Spécialisées dans le premier cycle de la scolarité, nous avons effectué une recherche abordant l’entrée dans l’écriture en 1-2H1. Nous nous centrons sur l’intérêt de l’enfant pour l’écrit, mais aussi sur sa pratique régulière. Nous cherchons à connaître d’une part les compétences à acquérir pour débuter cet apprentissage partant que « l’écriture est une représentation de la parole et de la pensée par des signes graphiques conventionnels » (Chauvel &amp; Lagoueyte, 2010, p. 98) et tenant compte que l’enfant, devenant élève, passe par une maturation motrice, puis perceptive pour aboutir à une maturation symbolique (au sens de Fily, 1997). Pour que l’enfant acquière aussi cet apprentissage, il doit différencier les trois domaines de l’activité symbolique (dessin-graphisme-écriture). Grâce à une pratique régulière et conséquente, l’enfant tend à maîtriser certaines caractéristiques graphiques touchant le mouvement du tracé, la tenue de l’outil, la mémorisation de logos, etc. Dans ce cheminement individuel, l’enseignante1 a un rôle à ne pas négliger : elle varie les supports, les outils, mais aussi les dispositifs (Lecture-Ecriture émergente provisoire, Dictée à l’adulte, etc.). Ces différentes activités poussent l’enfant à s’intéresser à l’écrit et à tenter, peu à peu, de transmettre un message par l’écriture émergente. Il essaye aussi d’inventer une graphie pour se marquer comme auteur de son travail. Et tantôt, il marque les lettres de son prénom, puis d’autres mots de son entourage. D’autre part, nous cherchons à découvrir la place et le rôle du prénom de l’élève dans l’apprentissage sachant que l’enfant entrant à l’école navigue entre identité personnelle et identité sociale (Kaufmann, cité par Dubard, 1998) au-travers d’un processus de nouvelle construction identitaire (Erikson, 1993). L’objectif de notre recherche est de découvrir l’impact du prénom dans l’écrit, dans l’apprentissage de l’écriture et des processus qui en découlent. Nous aimerions trouver des pistes d’action que nous pourrons mettre en place dans nos futures classes. Pour réaliser ce travail, nous avons interrogé plusieurs enfants dans le cadre extra- et intrascolaire sur leur prénom dans diverses situations touchant aux aspects cognitifs, moteurs et identitaires.</subfield>
      <subfield code="9">fre</subfield>
    </datafield>
    <datafield tag="695" ind1="" ind2="">
      <subfield code="a">enfant ; école enfantine ; entrée dans l’écrit ; identité ; prénom</subfield>
      <subfield code="9">fre</subfield>
    </datafield>
    <datafield tag="700" ind1="" ind2="">
      <subfield code="a">Montavon, Céline</subfield>
    </datafield>
    <datafield tag="700" ind1="" ind2="">
      <subfield code="a">Riat, Christine</subfield>
      <subfield code="e">Dir.</subfield>
    </datafield>
    <datafield tag="919" ind1="" ind2="">
      <subfield code="a">Haute école pédagogique BEJUNE</subfield>
      <subfield code="b">Porrentruy</subfield>
      <subfield code="d">doc.support@rero.ch</subfield>
    </datafield>
    <datafield tag="980" ind1="" ind2="">
      <subfield code="a">DISSERTATION</subfield>
      <subfield code="b">HEPBEJUNE</subfield>
      <subfield code="f">DISS_BACHELOR</subfield>
    </datafield>
    <datafield tag="990" ind1="" ind2="">
      <subfield code="a">20141008163146-IK</subfield>
    </datafield>
    <datafield tag="FFT" ind1="" ind2="">
      <subfield code="a">/Users/marietho/Devel/Virtualenvs/rerodoc/src/rerodoc/rerodoc/testsuite/data/record/232454/files/PF1_2013_MP_StiefelNaomi_MontavonCeline.pdf</subfield>
      <subfield code="r"></subfield>
      <subfield code="d">Fichier principal</subfield>
      <subfield code="z">order:1</subfield>
      <subfield code="n">PF1_2013_MP_StiefelNaomi_MontavonCeline.pdf</subfield>
    </datafield>
  </record>