
  <record>
    <datafield tag="041" ind1="" ind2="">
      <subfield code="a">fre</subfield>
    </datafield>
    <datafield tag="080" ind1="" ind2="">
      <subfield code="a">37</subfield>
    </datafield>
    <datafield tag="100" ind1="" ind2="">
      <subfield code="a">Steiner, Léa</subfield>
    </datafield>
    <datafield tag="245" ind1="" ind2="">
      <subfield code="a">Apprendre ou s’amuser ?</subfield>
      <subfield code="9">fre</subfield>
      <subfield code="b">le point de vue des enseignants sur le rôle du jeu en 1H et 2H</subfield>
    </datafield>
    <datafield tag="300" ind1="" ind2="">
      <subfield code="a">47 p.</subfield>
    </datafield>
    <datafield tag="500" ind1="" ind2="">
      <subfield code="a">Mémoire professionnel, Bachelor of Arts en enseignement pour les degrés préscolaire et primaire, Volée 2009-2012</subfield>
    </datafield>
    <datafield tag="502" ind1="" ind2="">
      <subfield code="a">Mémoire de bachelor : Haute école pédagogique BEJUNE, 2012</subfield>
      <subfield code="9">2012</subfield>
    </datafield>
    <datafield tag="520" ind1="" ind2="">
      <subfield code="a">Ce travail de mémoire se penche sur les représentations des enseignants à propos du jeu dans leur classe de 1H et 2H, ainsi que sur leurs manières de faire la distinction entre les jeux pour apprendre et les jeux pour s’amuser. Nous savons que le jeu offre de multiples occasions aux enfants d’apprendre, tout en étant une source de motivation. En effet, jouer est pour eux, un plaisir et se fait de manière très naturelle. L’école enfantine a su tirer parti de cette réalité et propose des méthodes d’enseignement basées sur des pédagogies de l’action. Par contre, il est parfois difficile de faire la distinction entre des jeux pour apprendre et des jeux pour s’amuser, même dans une classe. Alors, les enseignants se rendent-ils compte de cette différence et comment la marquent-ils dans leur classe en lien avec les jeux qu’ils proposent à leurs élèves ? Les points forts qui ressortent des recherches effectuées tout au long de la réalisation de ce travail, sont bien les choix que l’enseignant fait, ainsi que l’évaluation qu’il mène sur les différents types de jeux qu’il met en place dans sa classe de 1H et 2H.</subfield>
      <subfield code="9">fre</subfield>
    </datafield>
    <datafield tag="695" ind1="" ind2="">
      <subfield code="a">Ecole enfantine (1H et 2H) ; Jeux ; Apprentissage ; Amusement ; Représentations des enseignants</subfield>
      <subfield code="9">fre</subfield>
    </datafield>
    <datafield tag="700" ind1="" ind2="">
      <subfield code="a">Joliat, François</subfield>
      <subfield code="e">Dir.</subfield>
    </datafield>
    <datafield tag="919" ind1="" ind2="">
      <subfield code="a">Haute école pédagogique BEJUNE</subfield>
      <subfield code="b">Porrentruy</subfield>
      <subfield code="d">doc.support@rero.ch</subfield>
    </datafield>
    <datafield tag="980" ind1="" ind2="">
      <subfield code="a">DISSERTATION</subfield>
      <subfield code="b">HEPBEJUNE</subfield>
      <subfield code="f">DISS_BACHELOR</subfield>
    </datafield>
    <datafield tag="990" ind1="" ind2="">
      <subfield code="a">20141008162610-BT</subfield>
    </datafield>
    <datafield tag="FFT" ind1="" ind2="">
      <subfield code="a">/Users/marietho/Devel/Virtualenvs/rerodoc/src/rerodoc/rerodoc/testsuite/data/record/232453/files/PF1_2013_MP_SteinerLea.pdf</subfield>
      <subfield code="r"></subfield>
      <subfield code="d">Fichier principal</subfield>
      <subfield code="z">order:1</subfield>
      <subfield code="n">PF1_2013_MP_SteinerLea.pdf</subfield>
    </datafield>
  </record>