
  <record>
    <datafield tag="041" ind1="" ind2="">
      <subfield code="a">fre</subfield>
    </datafield>
    <datafield tag="080" ind1="" ind2="">
      <subfield code="a">37</subfield>
    </datafield>
    <datafield tag="100" ind1="" ind2="">
      <subfield code="a">Sperandio, Lorane</subfield>
    </datafield>
    <datafield tag="245" ind1="" ind2="">
      <subfield code="a">L'école à l'hôpital</subfield>
      <subfield code="9">fre</subfield>
      <subfield code="b">quelle scolarité pour les enfants malades</subfield>
    </datafield>
    <datafield tag="300" ind1="" ind2="">
      <subfield code="a">91 p.</subfield>
    </datafield>
    <datafield tag="500" ind1="" ind2="">
      <subfield code="a">Mémoire professionnel, Bachelor of Arts en enseignement pour les degrés préscolaire et primaire, Volée 2010-2013</subfield>
    </datafield>
    <datafield tag="502" ind1="" ind2="">
      <subfield code="a">Mémoire de bachelor : Haute école pédagogique BEJUNE, 2013</subfield>
      <subfield code="9">2013</subfield>
    </datafield>
    <datafield tag="520" ind1="" ind2="">
      <subfield code="a">Ce travail de recherche traite de la scolarité des enfants malades et de l’école à l’hôpital. Je me suis intéressée à la vie de ces enfants, une fois qu’ils n’ont plus la possibilité de rester en classe régulière et à ce qui est mis en place pour leur garantir un moyen de continuer leur scolarité en milieu hospitalier. Je me suis penchée plus spécifiquement sur les moyens mis en oeuvre au sein du Centre Hospitalier Universitaire Vaudois (CHUV), où trois enseignantes sont présentes quotidiennement auprès des enfants malades afin qu’ils puissent poursuivre leur scolarité. Ce travail a pour but de répondre à la question de recherche suivante : Quels sont concrètement les dispositifs mis en place au sein de l’hôpital pour permettre à l’enfant malade, hospitalisé de façon répétée ou/et sur une longue durée de pouvoir poursuivre sa scolarité ? Pour ce faire, je me suis dans un premier temps rendue une semaine au CHUV afin de me plonger dans mon terrain d’études. J’ai pu observer l’école à l’hôpital de l’intérieur et interagir avec les différents acteurs de l’école à l’hôpital. Suite à cela, j’ai mené trois entretiens qualitatifs avec les enseignantes du CHUV, une infirmière et une enseignante donnant ponctuellement des cours de soutien à l’hôpital. Enfin, j’ai confronté et comparé mes observations aux résultats des entretiens menés, ceci dans le but de synthétiser les informations obtenues et de répondre à ma question de recherche.</subfield>
      <subfield code="9">fre</subfield>
    </datafield>
    <datafield tag="695" ind1="" ind2="">
      <subfield code="a">Élève ; école ; maladie ; hôpital ; collaboration</subfield>
      <subfield code="9">fre</subfield>
    </datafield>
    <datafield tag="700" ind1="" ind2="">
      <subfield code="a">Voélin-Chatelain, Nicole</subfield>
      <subfield code="e">Dir.</subfield>
    </datafield>
    <datafield tag="919" ind1="" ind2="">
      <subfield code="a">Haute école pédagogique BEJUNE</subfield>
      <subfield code="b">Porrentruy</subfield>
      <subfield code="d">doc.support@rero.ch</subfield>
    </datafield>
    <datafield tag="980" ind1="" ind2="">
      <subfield code="a">DISSERTATION</subfield>
      <subfield code="b">HEPBEJUNE</subfield>
      <subfield code="f">DISS_BACHELOR</subfield>
    </datafield>
    <datafield tag="990" ind1="" ind2="">
      <subfield code="a">20141008161807-PP</subfield>
    </datafield>
    <datafield tag="FFT" ind1="" ind2="">
      <subfield code="a">/Users/marietho/Devel/Virtualenvs/rerodoc/src/rerodoc/rerodoc/testsuite/data/record/232451/files/PF1_2013_MP_SperandioLorane.pdf</subfield>
      <subfield code="r"></subfield>
      <subfield code="d">Fichier principal</subfield>
      <subfield code="z">order:1</subfield>
      <subfield code="n">PF1_2013_MP_SperandioLorane.pdf</subfield>
    </datafield>
  </record>