
  <record>
    <datafield tag="041" ind1="" ind2="">
      <subfield code="a">fre</subfield>
    </datafield>
    <datafield tag="080" ind1="" ind2="">
      <subfield code="a">37</subfield>
    </datafield>
    <datafield tag="100" ind1="" ind2="">
      <subfield code="a">Schindler, Camille</subfield>
    </datafield>
    <datafield tag="245" ind1="" ind2="">
      <subfield code="a">Comment donner le goût de la littérature jeunesse aux enfants ?</subfield>
      <subfield code="9">fre</subfield>
    </datafield>
    <datafield tag="500" ind1="" ind2="">
      <subfield code="a">Mémoire professionnel, Bachelor of Arts en enseignement pour les degrés préscolaire et primaire, Volée 2010-2013</subfield>
    </datafield>
    <datafield tag="502" ind1="" ind2="">
      <subfield code="a">Mémoire de bachelor : Haute école pédagogique BEJUNE, 2013</subfield>
      <subfield code="9">2013</subfield>
    </datafield>
    <datafield tag="520" ind1="" ind2="">
      <subfield code="a">Dans ce travail, je me suis intéressée à la façon de donner le goût de lire et d’écrire aux enfants, en posant d’abord le cadre de l’enseignement du français en Suisse, en parlant de la réforme depuis l’enquête PISA 2000 et en abordant la réforme éducative suisse avec notamment HarmoS et le PER. Puis, dans une partie théorique, je me suis intéressée brièvement au phénomène de l’illettrisme, puis aux différents acteurs ayant un impact sur le plaisir de lire : les enseignants, les parents et les bibliothécaires. J’ai ensuite cité quelques associations et activités mises en oeuvre pour favoriser la promotion de la lecture. Je suis ensuite allée observer différents acteurs de la promotion de la lecture afin de connaître mieux les activités susceptibles de donner le goût de lire aux enfants. J’ai réalisé des séquences filmées de ces animations et nous avons ensuite analysé ces films ensemble. Les résultats de ce mémoire montrent comment les enseignantes et bibliothécaires observées et interviewées mettent en place pour donner le goût de lire aux enfants : activités variées, lieux agréables, variété des livres proposés.</subfield>
      <subfield code="9">fre</subfield>
    </datafield>
    <datafield tag="695" ind1="" ind2="">
      <subfield code="a">Lecture ; Promotion ; Associations ; Médiateurs ; Motivation ; </subfield>
      <subfield code="9">fre</subfield>
    </datafield>
    <datafield tag="700" ind1="" ind2="">
      <subfield code="a">Giglio, Marcelo</subfield>
      <subfield code="e">Dir.</subfield>
    </datafield>
    <datafield tag="919" ind1="" ind2="">
      <subfield code="a">Haute école pédagogique BEJUNE</subfield>
      <subfield code="b">Porrentruy</subfield>
      <subfield code="d">doc.support@rero.ch</subfield>
    </datafield>
    <datafield tag="980" ind1="" ind2="">
      <subfield code="a">DISSERTATION</subfield>
      <subfield code="b">HEPBEJUNE</subfield>
      <subfield code="f">DISS_BACHELOR</subfield>
    </datafield>
    <datafield tag="990" ind1="" ind2="">
      <subfield code="a">20141008161321-BI</subfield>
    </datafield>
    <datafield tag="FFT" ind1="" ind2="">
      <subfield code="a">/Users/marietho/Devel/Virtualenvs/rerodoc/src/rerodoc/rerodoc/testsuite/data/record/232450/files/PF1_2013_MP_SchindlerCamille.pdf</subfield>
      <subfield code="r"></subfield>
      <subfield code="d">Fichier principal</subfield>
      <subfield code="z">order:1</subfield>
      <subfield code="n">PF1_2013_MP_SchindlerCamille.pdf</subfield>
    </datafield>
  </record>