
  <record>
    <datafield tag="041" ind1="" ind2="">
      <subfield code="a">fre</subfield>
    </datafield>
    <datafield tag="080" ind1="" ind2="">
      <subfield code="a">37</subfield>
    </datafield>
    <datafield tag="100" ind1="" ind2="">
      <subfield code="a">Citherlet, Rebecca</subfield>
    </datafield>
    <datafield tag="245" ind1="" ind2="">
      <subfield code="a">L’intégration d’un élève avec une déficience intellectuelle dans les degrés 1H-2H</subfield>
      <subfield code="9">fre</subfield>
    </datafield>
    <datafield tag="300" ind1="" ind2="">
      <subfield code="a">87 p.</subfield>
    </datafield>
    <datafield tag="500" ind1="" ind2="">
      <subfield code="a">Mémoire professionnel, Bachelor of Arts en enseignement pour les degrés préscolaire et primaire, Volée 2010-2013</subfield>
    </datafield>
    <datafield tag="502" ind1="" ind2="">
      <subfield code="a">Mémoire de bachelor : Haute école pédagogique BEJUNE, 2013</subfield>
      <subfield code="9">2013</subfield>
    </datafield>
    <datafield tag="520" ind1="" ind2="">
      <subfield code="a">Nous avons choisi la thématique de l’intégration scolaire au cycle 1 pour notre mémoire professionnel. Nous désirions découvrir les moyens mis en place afin de faciliter l’intégration d’un élève avec une déficience intellectuelle dans une classe 1H-2H. Nous souhaitions également connaître les buts, les bénéfices, les difficultés que peut provoquer une intégration scolaire. Pour débuter notre travail, nous nous sommes renseignées sur des aspects historiques concernant le handicap en Suisse afin d’en connaître son évolution et comprendre ce qu’il se passe actuellement lorsqu’un enseignant intègre un enfant en situation de handicap au sein de sa classe. En effet, nous savions que cette thématique de l’intégration était d’actualité et qu’elle était en plein changement. Il nous semblait également essentiel de nous familiariser avec les textes de la loi scolaire pour le canton du Jura afin de savoir quelle était la place de l’intégration au niveau politique. Nous avons ensuite défini le concept de handicap et celui d’intégration. Nous avons pris connaissance des différentes manières d’intégrer afin de discerner le modèle d’intégration employé dans le canton du Jura. Après nous être imprégnées de la littérature concernant l’intégration scolaire, nous avons élaboré un guide d’entretien qui nous a permis de questionner dix enseignantes jurassiennes des classes 1H -2H sur leur expérience concernant l’intégration. Par ce procédé, nous désirions prendre connaissance de ce qu’implique une intégration scolaire pour l’enseignant. Nous exposons trois éléments qui ressortent de notre analyse. Le premier est l’importance de la collaboration entre les différents protagonistes (l’aide externe, les parents de l’enfant intégré) lors d’une intégration. Le deuxième élément concerne l’aide externe qui est présente dans la classe lors de l’intégration de l’enfant avec une déficience intellectuelle et qui est essentielle au bon fonctionnement de ce processus. Pour terminer, le troisième élément traite de l’organisation nécessaire pour accueillir un élève en situation de handicap.</subfield>
      <subfield code="9">fre</subfield>
    </datafield>
    <datafield tag="695" ind1="" ind2="">
      <subfield code="a">Intégration ; Bénéfices ; Collaboration ; Organisation ; Relation</subfield>
      <subfield code="9">fre</subfield>
    </datafield>
    <datafield tag="700" ind1="" ind2="">
      <subfield code="a">Rottet, Lauriane</subfield>
    </datafield>
    <datafield tag="700" ind1="" ind2="">
      <subfield code="a">Brahier, Agnès</subfield>
      <subfield code="e">Dir.</subfield>
    </datafield>
    <datafield tag="919" ind1="" ind2="">
      <subfield code="a">Haute école pédagogique BEJUNE</subfield>
      <subfield code="b">Porrentruy</subfield>
      <subfield code="d">doc.support@rero.ch</subfield>
    </datafield>
    <datafield tag="980" ind1="" ind2="">
      <subfield code="a">DISSERTATION</subfield>
      <subfield code="b">HEPBEJUNE</subfield>
      <subfield code="f">DISS_BACHELOR</subfield>
    </datafield>
    <datafield tag="990" ind1="" ind2="">
      <subfield code="a">20141008160854-NH</subfield>
    </datafield>
    <datafield tag="FFT" ind1="" ind2="">
      <subfield code="a">/Users/marietho/Devel/Virtualenvs/rerodoc/src/rerodoc/rerodoc/testsuite/data/record/232449/files/PF1_2013_MP_RottetLauriane_CitherletRebecca.pdf</subfield>
      <subfield code="r"></subfield>
      <subfield code="d">Fichier principal</subfield>
      <subfield code="z">order:1</subfield>
      <subfield code="n">PF1_2013_MP_RottetLauriane_CitherletRebecca.pdf</subfield>
    </datafield>
  </record>