
  <record>
    <datafield tag="041" ind1="" ind2="">
      <subfield code="a">fre</subfield>
    </datafield>
    <datafield tag="080" ind1="" ind2="">
      <subfield code="a">1</subfield>
    </datafield>
    <datafield tag="100" ind1="" ind2="">
      <subfield code="a">Quinn, Tracy</subfield>
    </datafield>
    <datafield tag="245" ind1="" ind2="">
      <subfield code="a">La discussion à visée philosophique au cycle 2, entre idéal et réalité</subfield>
      <subfield code="9">fre</subfield>
    </datafield>
    <datafield tag="300" ind1="" ind2="">
      <subfield code="a">100 p.</subfield>
    </datafield>
    <datafield tag="500" ind1="" ind2="">
      <subfield code="a">Mémoire professionnel, Bachelor of Arts en enseignement pour les degrés préscolaire et primaire, Volée 2010-2013</subfield>
    </datafield>
    <datafield tag="502" ind1="" ind2="">
      <subfield code="a">Mémoire de bachelor : Haute école pédagogique BEJUNE, 2013</subfield>
      <subfield code="9">2013</subfield>
    </datafield>
    <datafield tag="520" ind1="" ind2="">
      <subfield code="a">Le sujet principal de ce mémoire est la philosophie. Non pas la philosophie comme discipline classique mais un courant différent, apparu dans les années 1980 aux Etats-Unis, la discussion à visée philosophique (DVP). L’objectif d’une telle pratique est de rendre la philosophie accessible aux enfants. Vocation citoyenne, développement de l’esprit critique, travail sur l’argumentation, quels sont les arguments de la mise en place d’une telle pratique dans une classe ? Ce mémoire s’axe surtout sur la mise en place de la DVP dans les classes, avec un intérêt particulier porté aux enseignants. Dans un premier temps, l’accent est mis sur les différents dispositifs pouvant être mis en place dans les classes. Dans un deuxième temps, je cherche à mettre en lien cette pratique avec le programme officiel romand. A l’heure d’HarmoS et à l’aube d’une rentrée scolaire où la formation générale sera monnaie courante, que faire de nos élèves durant cette période et surtout quels sont les objectifs du PER pour cette période et comment les atteindre ? La discussion à visée philosophique permet-elle d’y arriver ? C’est une des questions à laquelle j’espère pouvoir répondre au terme de ce mémoire. Pour y arriver, je mettrai en place, en guise de méthodologie, un guide pratique à l’usage des enseignants. Cet outil didactique contiendra une série de trois DVP à mener en classe. Pour encadrer cette séquence, je rencontrerai les enseignants dans le cadre d’entretiens individuels. Au terme de ce mémoire, j’espère pouvoir mettre en lien les différents éléments afin de comprendre les enjeux de la pratique de discussions à visée philosophique dans les classes du cycle 2.</subfield>
      <subfield code="9">fre</subfield>
    </datafield>
    <datafield tag="695" ind1="" ind2="">
      <subfield code="a">Philosophie ; Arguments ; Enseignants ; PER ; Outil didactique</subfield>
      <subfield code="9">fre</subfield>
    </datafield>
    <datafield tag="700" ind1="" ind2="">
      <subfield code="a">Lehmann, Rafaël</subfield>
      <subfield code="e">Dir.</subfield>
    </datafield>
    <datafield tag="919" ind1="" ind2="">
      <subfield code="a">Haute école pédagogique BEJUNE</subfield>
      <subfield code="b">Porrentruy</subfield>
      <subfield code="d">doc.support@rero.ch</subfield>
    </datafield>
    <datafield tag="980" ind1="" ind2="">
      <subfield code="a">DISSERTATION</subfield>
      <subfield code="b">HEPBEJUNE</subfield>
      <subfield code="f">DISS_BACHELOR</subfield>
    </datafield>
    <datafield tag="990" ind1="" ind2="">
      <subfield code="a">20141008160145-TG</subfield>
    </datafield>
    <datafield tag="FFT" ind1="" ind2="">
      <subfield code="a">/Users/marietho/Devel/Virtualenvs/rerodoc/src/rerodoc/rerodoc/testsuite/data/record/232448/files/PF1_2013_MP_QuinnTracy.pdf</subfield>
      <subfield code="r"></subfield>
      <subfield code="d">Fichier principal</subfield>
      <subfield code="z">order:1</subfield>
      <subfield code="n">PF1_2013_MP_QuinnTracy.pdf</subfield>
    </datafield>
  </record>