
  <record>
    <datafield tag="041" ind1="" ind2="">
      <subfield code="a">fre</subfield>
    </datafield>
    <datafield tag="080" ind1="" ind2="">
      <subfield code="a">37</subfield>
    </datafield>
    <datafield tag="100" ind1="" ind2="">
      <subfield code="a">Philippin, Emilie</subfield>
    </datafield>
    <datafield tag="245" ind1="" ind2="">
      <subfield code="a">Activités parascolaires et climat de classe, quels liens ?</subfield>
      <subfield code="9">fre</subfield>
    </datafield>
    <datafield tag="300" ind1="" ind2="">
      <subfield code="a">81 p.</subfield>
    </datafield>
    <datafield tag="500" ind1="" ind2="">
      <subfield code="a">Mémoire professionnel, Bachelor of Arts en enseignement pour les degrés préscolaire et primaire, Volée 2010-2013</subfield>
    </datafield>
    <datafield tag="502" ind1="" ind2="">
      <subfield code="a">Mémoire de bachelor : Haute école pédagogique BEJUNE, 2013</subfield>
      <subfield code="9">2013</subfield>
    </datafield>
    <datafield tag="520" ind1="" ind2="">
      <subfield code="a">Le climat de classe a une grande influence sur les apprentissages, le bien-être des élèves et des enseignants. Il contient plusieurs composants qui peuvent se travailler ensemble et simultanément ; le climat relationnel, le climat éducatif, le climat d’appartenance, le climat de justice et le climat de sécurité. Ces composants regroupent plusieurs caractéristiques. Prendre connaissance de ces dernières permet d’acquérir de bonnes bases pour celui qui souhaite bénéficier d’un bon climat de classe. Plusieurs auteurs décrivent le climat de classe comme une variable subjective, puisqu’elle est perçue de façon différente par chacun. Néanmoins, ce concept peut se travailler et se développer. Le climat de classe peut évoluer positivement en fonction des éléments mis en place pour le favoriser et en prenant en compte chaque individu de la classe. Il est imbriqué dans le climat scolaire, qui lui est régit par l’école dans son ensemble. En effet, l’ambiance générale de l’école peut aussi entrainer celle de la classe. Ce travail se concentre sur un levier influençant le climat de classe, en particulier celui des sorties scolaires. Ma recherche auprès de 6 enseignants et leurs 95 élèves a permis de mettre en évidence les sorties et les camps effectués ainsi que leurs conséquences en classe. Quelques enseignants ont partagé ce qu’ils mettent en place pour soutenir leur climat de classe et leurs élèves ont été questionnés sur leur perception de l’école en général.</subfield>
      <subfield code="9">fre</subfield>
    </datafield>
    <datafield tag="695" ind1="" ind2="">
      <subfield code="a">climat de classe ; activités parascolaires ; apprentissages ; enseignement ; bien-être</subfield>
      <subfield code="9">fre</subfield>
    </datafield>
    <datafield tag="700" ind1="" ind2="">
      <subfield code="a">Botteron, Michel</subfield>
      <subfield code="e">Dir.</subfield>
    </datafield>
    <datafield tag="919" ind1="" ind2="">
      <subfield code="a">Haute école pédagogique BEJUNE</subfield>
      <subfield code="b">Porrentruy</subfield>
      <subfield code="d">doc.support@rero.ch</subfield>
    </datafield>
    <datafield tag="980" ind1="" ind2="">
      <subfield code="a">DISSERTATION</subfield>
      <subfield code="b">HEPBEJUNE</subfield>
      <subfield code="f">DISS_BACHELOR</subfield>
    </datafield>
    <datafield tag="990" ind1="" ind2="">
      <subfield code="a">20141008155756-QG</subfield>
    </datafield>
    <datafield tag="FFT" ind1="" ind2="">
      <subfield code="a">/Users/marietho/Devel/Virtualenvs/rerodoc/src/rerodoc/rerodoc/testsuite/data/record/232447/files/PF1_2013_MP_PhilippinEmilie.pdf</subfield>
      <subfield code="r"></subfield>
      <subfield code="d">Fichier principal</subfield>
      <subfield code="z">order:1</subfield>
      <subfield code="n">PF1_2013_MP_PhilippinEmilie.pdf</subfield>
    </datafield>
  </record>