
  <record>
    <datafield tag="041" ind1="" ind2="">
      <subfield code="a">fre</subfield>
    </datafield>
    <datafield tag="080" ind1="" ind2="">
      <subfield code="a">37</subfield>
    </datafield>
    <datafield tag="100" ind1="" ind2="">
      <subfield code="a">Pellaton, Floriane</subfield>
    </datafield>
    <datafield tag="245" ind1="" ind2="">
      <subfield code="a">L'aménagement de la salle de classe, est-ce le reflet d'un enseignement ?</subfield>
      <subfield code="9">fre</subfield>
    </datafield>
    <datafield tag="300" ind1="" ind2="">
      <subfield code="a">79 p.</subfield>
    </datafield>
    <datafield tag="500" ind1="" ind2="">
      <subfield code="a">Mémoire professionnel, Bachelor of Arts en enseignement pour les degrés préscolaire et primaire, Volée 2010-2013</subfield>
    </datafield>
    <datafield tag="502" ind1="" ind2="">
      <subfield code="a">Mémoire de bachelor : Haute école pédagogique BEJUNE, 2013</subfield>
      <subfield code="9">2013</subfield>
    </datafield>
    <datafield tag="520" ind1="" ind2="">
      <subfield code="a">L’optique de ce travail est de mettre en lien des méthodes d’enseignement, qu’elles soient traditionnelles ou plus alternatives, avec l’aménagement de la salle de classe. En effet, de multiples organisations de tables sont possibles, envisageables. L’idée de ce travail est de confronter ces deux aspects afin de se rendre compte s’il y a compatibilité ou non entre ces deux aspects. Un des axes de cette recherche sera de se rendre compte de la part de liberté dont dispose l’élève. En effet, deux des pédagogies développées dans ce travail – Freinet et Montessori – prônent toutes deux l’idée d’accorder une part plus ou moins importante de liberté à l’élève lors de ses apprentissages. Le but étant de se rendre compte si de telles pratiques sont possibles dans l’école publique actuelle.</subfield>
      <subfield code="9">fre</subfield>
    </datafield>
    <datafield tag="695" ind1="" ind2="">
      <subfield code="a">aménagement ; Classe ; Méthodes ; Orientation ; Espace</subfield>
      <subfield code="9">fre</subfield>
    </datafield>
    <datafield tag="700" ind1="" ind2="">
      <subfield code="a">Lucena, Ana-Vanêssa</subfield>
      <subfield code="e">Dir.</subfield>
    </datafield>
    <datafield tag="919" ind1="" ind2="">
      <subfield code="a">Haute école pédagogique BEJUNE</subfield>
      <subfield code="b">Porrentruy</subfield>
      <subfield code="d">doc.support@rero.ch</subfield>
    </datafield>
    <datafield tag="980" ind1="" ind2="">
      <subfield code="a">DISSERTATION</subfield>
      <subfield code="b">HEPBEJUNE</subfield>
      <subfield code="f">DISS_BACHELOR</subfield>
    </datafield>
    <datafield tag="990" ind1="" ind2="">
      <subfield code="a">20141008155241-RI</subfield>
    </datafield>
    <datafield tag="FFT" ind1="" ind2="">
      <subfield code="a">/Users/marietho/Devel/Virtualenvs/rerodoc/src/rerodoc/rerodoc/testsuite/data/record/232446/files/PF1_2013_MP_PellatonFloriane.pdf</subfield>
      <subfield code="r"></subfield>
      <subfield code="d">Fichier principal</subfield>
      <subfield code="z">order:1</subfield>
      <subfield code="n">PF1_2013_MP_PellatonFloriane.pdf</subfield>
    </datafield>
  </record>