
  <record>
    <datafield tag="041" ind1="" ind2="">
      <subfield code="a">fre</subfield>
    </datafield>
    <datafield tag="080" ind1="" ind2="">
      <subfield code="a">37</subfield>
    </datafield>
    <datafield tag="100" ind1="" ind2="">
      <subfield code="a">Page, Annick</subfield>
    </datafield>
    <datafield tag="245" ind1="" ind2="">
      <subfield code="a">La littérature de jeunesse dans l'apprentissage de la lecture-écriture</subfield>
      <subfield code="9">fre</subfield>
    </datafield>
    <datafield tag="300" ind1="" ind2="">
      <subfield code="a">68 p.</subfield>
    </datafield>
    <datafield tag="500" ind1="" ind2="">
      <subfield code="a">Mémoire professionnel, Bachelor of Arts en enseignement pour les degrés préscolaire et primaire, Volée 2010-2013</subfield>
    </datafield>
    <datafield tag="502" ind1="" ind2="">
      <subfield code="a">Mémoire de bachelor : Haute école pédagogique BEJUNE, 2013</subfield>
      <subfield code="9">2013</subfield>
    </datafield>
    <datafield tag="520" ind1="" ind2="">
      <subfield code="a">Apprendre à lire avec l’album de jeunesse, tel est l’objet du présent travail. Ce travail comprendra, d’une part, quelques notions théoriques et historiques concernant l’apprentissage de la lecture d’hier à aujourd’hui, un historique de la littérature de jeunesse et ses possibles apports dans l’apprentissage de la lecture. Les buts de la recherche à l’origine de ce travail, ainsi que les hypothèses émises qu’il s’agira de vérifier. D’autre part, une fois exposée la méthode pour mener la recherche, il sera fait une analyse-interprétation des résultats obtenus, confirmant ou infirmant les hypothèses de départ suite aux réponses des enseignants qui ont bien voulu participer à la recherche. Les enseignantes de 3H-4H contactées dans les cantons (Berne, Fribourg et Neuchâtel) qui ont bien voulu participer à la recherche se prononceront sur la place qu’elles attribuent en classe à la littérature de jeunesse dans l’apprentissage de la lecture-écriture. La conclusion est plutôt réjouissante : la littérature de jeunesse s’avère un bon outil d’apprentissage dans la lecture-écriture. C’est ce que cherchent à montrer les pages qui suivent.</subfield>
      <subfield code="9">fre</subfield>
    </datafield>
    <datafield tag="695" ind1="" ind2="">
      <subfield code="a">littérature de jeunesse ; albums ; outils d’apprentissage de la lecture ; enseignantes/élèves 3H-4H ; représentations</subfield>
      <subfield code="9">fre</subfield>
    </datafield>
    <datafield tag="700" ind1="" ind2="">
      <subfield code="a">Villars, Françoise</subfield>
      <subfield code="e">Dir.</subfield>
    </datafield>
    <datafield tag="919" ind1="" ind2="">
      <subfield code="a">Haute école pédagogique BEJUNE</subfield>
      <subfield code="b">Porrentruy</subfield>
      <subfield code="d">doc.support@rero.ch</subfield>
    </datafield>
    <datafield tag="980" ind1="" ind2="">
      <subfield code="a">DISSERTATION</subfield>
      <subfield code="b">HEPBEJUNE</subfield>
      <subfield code="f">DISS_BACHELOR</subfield>
    </datafield>
    <datafield tag="990" ind1="" ind2="">
      <subfield code="a">20141008154848-QW</subfield>
    </datafield>
    <datafield tag="FFT" ind1="" ind2="">
      <subfield code="a">/Users/marietho/Devel/Virtualenvs/rerodoc/src/rerodoc/rerodoc/testsuite/data/record/232445/files/PF1_2013_MP_PageAnnick.pdf</subfield>
      <subfield code="r"></subfield>
      <subfield code="d">Fichier principal</subfield>
      <subfield code="z">order:1</subfield>
      <subfield code="n">PF1_2013_MP_PageAnnick.pdf</subfield>
    </datafield>
  </record>