
  <record>
    <datafield tag="041" ind1="" ind2="">
      <subfield code="a">fre</subfield>
    </datafield>
    <datafield tag="080" ind1="" ind2="">
      <subfield code="a">37</subfield>
    </datafield>
    <datafield tag="100" ind1="" ind2="">
      <subfield code="a">Mäder, Emanuelle</subfield>
    </datafield>
    <datafield tag="245" ind1="" ind2="">
      <subfield code="a">Le mouvement, un partenaire pour un enseignement de qualité</subfield>
      <subfield code="9">fre</subfield>
    </datafield>
    <datafield tag="300" ind1="" ind2="">
      <subfield code="a">59 p.</subfield>
    </datafield>
    <datafield tag="500" ind1="" ind2="">
      <subfield code="a">Mémoire professionnel, Bachelor of Arts en enseignement pour les degrés préscolaire et primaire, Volée 2010-2013</subfield>
    </datafield>
    <datafield tag="502" ind1="" ind2="">
      <subfield code="a">Mémoire de bachelor : Haute école pédagogique BEJUNE, 2013</subfield>
      <subfield code="9">2013</subfield>
    </datafield>
    <datafield tag="520" ind1="" ind2="">
      <subfield code="a">Depuis plusieurs siècles déjà, l’école se préoccupe de l’hygiène de vie et de la santé de ses élèves en favorisant l’activité physique dans le milieu scolaire. Ce travail tente de comprendre quelle est aujourd’hui la place du mouvement ainsi que son utilité dans ce milieu. Pour cela, dix élèves d’une classe à degrés multiples de 3ème, 4ème et 5ème Harmos ont été questionnés. La classe a pratiqué régulièrement durant six semaines trois séries d’exercices corporels axées sur l’équilibre, la réaction et l’étirement. L’enseignante de la classe a également été interviewée et a partagé son avis en apportant un regard externe à l’enquête menée au sein de la classe. Cinq enseignants ont aussi été questionnés afin d’étayer les propos relevés par l’enseignante. Les résultats tendent à démontrer que le mouvement est très fréquemment utilisé lors de l’enseignement d’une part pour satisfaire le besoin naturel de bouger chez l’enfant et d’autre part pour redynamiser la leçon et permettre à l’enfant qui a une baisse d’attention de se reconcentrer. L’activité physique contribue non seulement à maintenir la santé et la forme physique de l’enfant, mais elle a également une influence sur l’apprentissage. Cette recherche propose divers éléments de réflexion destinés aux enseignants souhaitant mettre en place un enseignement dynamique et favoriser ainsi l’apprentissage.</subfield>
      <subfield code="9">fre</subfield>
    </datafield>
    <datafield tag="695" ind1="" ind2="">
      <subfield code="a">santé ; élèves ; mouvement ; enseignement dynamique ; concentration</subfield>
      <subfield code="9">fre</subfield>
    </datafield>
    <datafield tag="700" ind1="" ind2="">
      <subfield code="a">Perrinjaquet, Denis</subfield>
      <subfield code="e">Dir.</subfield>
    </datafield>
    <datafield tag="919" ind1="" ind2="">
      <subfield code="a">Haute école pédagogique BEJUNE</subfield>
      <subfield code="b">Porrentruy</subfield>
      <subfield code="d">doc.support@rero.ch</subfield>
    </datafield>
    <datafield tag="980" ind1="" ind2="">
      <subfield code="a">DISSERTATION</subfield>
      <subfield code="b">HEPBEJUNE</subfield>
      <subfield code="f">DISS_BACHELOR</subfield>
    </datafield>
    <datafield tag="990" ind1="" ind2="">
      <subfield code="a">20141008153521-VR</subfield>
    </datafield>
    <datafield tag="FFT" ind1="" ind2="">
      <subfield code="a">/Users/marietho/Devel/Virtualenvs/rerodoc/src/rerodoc/rerodoc/testsuite/data/record/232442/files/PF1_2013_MP_MaederEmanuelle.pdf</subfield>
      <subfield code="r"></subfield>
      <subfield code="d">Texte intégral</subfield>
      <subfield code="z">order:1</subfield>
      <subfield code="n">PF1_2013_MP_MaederEmanuelle.pdf</subfield>
    </datafield>
  </record>