
  <record>
    <datafield tag="041" ind1="" ind2="">
      <subfield code="a">fre</subfield>
    </datafield>
    <datafield tag="080" ind1="" ind2="">
      <subfield code="a">37</subfield>
    </datafield>
    <datafield tag="100" ind1="" ind2="">
      <subfield code="a">Lavanchy, Zoé</subfield>
    </datafield>
    <datafield tag="245" ind1="" ind2="">
      <subfield code="a">Les valeurs de l'école et du scoutisme</subfield>
      <subfield code="9">fre</subfield>
    </datafield>
    <datafield tag="300" ind1="" ind2="">
      <subfield code="a">61 p.</subfield>
    </datafield>
    <datafield tag="500" ind1="" ind2="">
      <subfield code="a">Mémoire professionnel, Bachelor of Arts en enseignement pour les degrés préscolaire et primaire, Volée 2010-2013</subfield>
    </datafield>
    <datafield tag="502" ind1="" ind2="">
      <subfield code="a">Mémoire de bachelor : Haute école pédagogique BEJUNE, 2013</subfield>
      <subfield code="9">2013</subfield>
    </datafield>
    <datafield tag="520" ind1="" ind2="">
      <subfield code="a">Ce travail traite de deux éléments qui me sont chers : le scoutisme et l’école. Il évoque dans un premier temps l’historique et le cadre dans lequel s’inscrit le scoutisme de même que l’actualité et la structure de l’école. Il est ensuite question des valeurs qui sont véhiculées par le mouvement scout ainsi que des valeurs de l’école et de la manière dont elles sont exploitées avec et pour les enfants. Des valeurs communes ont ensuite été dégagées dans le but de voir si l’une des deux entités précitées permet aux enfants du cycle 2 de mieux vivre et intégrer ces valeurs. La méthodologie a été menée sous forme de questionnaires et les données ont été récoltées auprès des enfants, premiers concernés par la question de cette recherche. Les résultats ont ensuite été analysés afin de dégager des tendances et d’évoquer diverses pistes de réponses et d’activités pouvant être mises en place et permettant d’améliorer le rapport aux valeurs des enfants du cycle 2. Pour conclure, ce travail a été fait sur la base d’un intérêt personnel très présent et dans le but de pouvoir utiliser certains éléments dans ma future pratique du métier d’enseignante.</subfield>
      <subfield code="9">fre</subfield>
    </datafield>
    <datafield tag="695" ind1="" ind2="">
      <subfield code="a">Scoutisme ; école ; valeurs ; enseignement ; méthodologie</subfield>
      <subfield code="9">fre</subfield>
    </datafield>
    <datafield tag="700" ind1="" ind2="">
      <subfield code="a">Botteron, Michel</subfield>
      <subfield code="e">Dir.</subfield>
    </datafield>
    <datafield tag="919" ind1="" ind2="">
      <subfield code="a">Haute école pédagogique BEJUNE</subfield>
      <subfield code="b">Porrentruy</subfield>
      <subfield code="d">doc.support@rero.ch</subfield>
    </datafield>
    <datafield tag="980" ind1="" ind2="">
      <subfield code="a">DISSERTATION</subfield>
      <subfield code="b">HEPBEJUNE</subfield>
      <subfield code="f">DISS_BACHELOR</subfield>
    </datafield>
    <datafield tag="990" ind1="" ind2="">
      <subfield code="a">20141008152933-FZ</subfield>
    </datafield>
    <datafield tag="FFT" ind1="" ind2="">
      <subfield code="a">/Users/marietho/Devel/Virtualenvs/rerodoc/src/rerodoc/rerodoc/testsuite/data/record/232441/files/PF1_2013_MP_LavanchyZoe.pdf</subfield>
      <subfield code="r"></subfield>
      <subfield code="d">Fichier principal</subfield>
      <subfield code="z">order:1</subfield>
      <subfield code="n">PF1_2013_MP_LavanchyZoe.pdf</subfield>
    </datafield>
  </record>