
  <record>
    <datafield tag="041" ind1="" ind2="">
      <subfield code="a">fre</subfield>
    </datafield>
    <datafield tag="080" ind1="" ind2="">
      <subfield code="a">37</subfield>
    </datafield>
    <datafield tag="100" ind1="" ind2="">
      <subfield code="a">Müller, Nora</subfield>
    </datafield>
    <datafield tag="245" ind1="" ind2="">
      <subfield code="a">Enfants à haut potentiel</subfield>
      <subfield code="9">fre</subfield>
      <subfield code="b">un défi pour les enseignants ?</subfield>
    </datafield>
    <datafield tag="300" ind1="" ind2="">
      <subfield code="a">72 p.</subfield>
    </datafield>
    <datafield tag="500" ind1="" ind2="">
      <subfield code="a">Mémoire professionnel, Bachelor of Arts en enseignement pour les degrés préscolaire et primaire, Volée 2010-2013</subfield>
    </datafield>
    <datafield tag="502" ind1="" ind2="">
      <subfield code="a">Mémoire de bachelor : Haute école pédagogique BEJUNE, 2013</subfield>
      <subfield code="9">2013</subfield>
    </datafield>
    <datafield tag="520" ind1="" ind2="">
      <subfield code="a">La thématique des enfants à haut potentiel est aujourd’hui un sujet en plein essor. Plus que jamais, cette problématique occupe une place importante dans la recherche. Dans notre travail, nous allons nous intéresser à l’identification des enfants à haut potentiel, à ses caractéristiques, ainsi qu’aux différentes méthodes d’enseignements qui lui sont dispensées, tant en classe ordinaire qu’en classe spécialisée. L’enseignement en classe ordinaire nous intéresse tout particulièrement, puisqu’en tant que futures enseignantes, nous serons principalement confrontées à ce type d’enseignement. De plus, il est déconcertant de constater un paradoxe entre le haut potentiel et l’échec scolaire. Effectivement, la scolarisation de ces enfants possédant une intelligence différente est remise en question puisqu’environ un tiers des EHP se trouvent confrontés à de lourdes difficultés scolaires. De ce fait, nos intérêts se dirigent plus particulièrement sur les moyens et les méthodes employés par les enseignants à l’heure actuelle, qui seraient susceptibles d’améliorer les apprentissages ou l’apport de connaissances chez les EHP. Notre méthodologie sera axée autour de l’enseignement destiné aux EHP. À travers plusieurs entretiens avec des enseignants de formation primaire, nous recueillerons et analyserons qualitativement les moyens utilisés en classe. L’objectif principal de notre dispositif est de repérer les points positifs et les lacunes susceptibles d’exister dans le système éducatif actuel.</subfield>
      <subfield code="9">fre</subfield>
    </datafield>
    <datafield tag="695" ind1="" ind2="">
      <subfield code="a">Haut potentiel intellectuel ; dyssynchronie ; échec scolaire ; scolarisation</subfield>
      <subfield code="9">fre</subfield>
    </datafield>
    <datafield tag="700" ind1="" ind2="">
      <subfield code="a">Kury, Aude</subfield>
    </datafield>
    <datafield tag="700" ind1="" ind2="">
      <subfield code="a">Petignat, Pierre</subfield>
      <subfield code="e">Dir.</subfield>
    </datafield>
    <datafield tag="919" ind1="" ind2="">
      <subfield code="a">Haute école pédagogique BEJUNE</subfield>
      <subfield code="b">Porrentruy</subfield>
      <subfield code="d">doc.support@rero.ch</subfield>
    </datafield>
    <datafield tag="980" ind1="" ind2="">
      <subfield code="a">DISSERTATION</subfield>
      <subfield code="b">HEPBEJUNE</subfield>
      <subfield code="f">DISS_BACHELOR</subfield>
    </datafield>
    <datafield tag="990" ind1="" ind2="">
      <subfield code="a">20141008152311-TS</subfield>
    </datafield>
    <datafield tag="FFT" ind1="" ind2="">
      <subfield code="a">/Users/marietho/Devel/Virtualenvs/rerodoc/src/rerodoc/rerodoc/testsuite/data/record/232440/files/PF1_2013_MP_KuryAude_MullerNora.pdf</subfield>
      <subfield code="r"></subfield>
      <subfield code="d">Fichier principal</subfield>
      <subfield code="z">order:1</subfield>
      <subfield code="n">PF1_2013_MP_KuryAude_MullerNora.pdf</subfield>
    </datafield>
  </record>