
  <record>
    <datafield tag="041" ind1="" ind2="">
      <subfield code="a">fre</subfield>
    </datafield>
    <datafield tag="080" ind1="" ind2="">
      <subfield code="a">37</subfield>
    </datafield>
    <datafield tag="100" ind1="" ind2="">
      <subfield code="a">Kiss, Amira</subfield>
    </datafield>
    <datafield tag="245" ind1="" ind2="">
      <subfield code="a">École avant et après mai 68, « c’était mieux avant ! » nostalgie ou réalité?</subfield>
      <subfield code="9">fre</subfield>
    </datafield>
    <datafield tag="300" ind1="" ind2="">
      <subfield code="a">113 p.</subfield>
    </datafield>
    <datafield tag="500" ind1="" ind2="">
      <subfield code="a">Mémoire professionnel, Bachelor of Arts en enseignement pour les degrés préscolaire et primaire, Volée 2010-2013</subfield>
    </datafield>
    <datafield tag="502" ind1="" ind2="">
      <subfield code="a">Mémoire de bachelor : Haute école pédagogique BEJUNE, 2013</subfield>
      <subfield code="9">2013</subfield>
    </datafield>
    <datafield tag="520" ind1="" ind2="">
      <subfield code="a">Ce travail de recherche s’intéresse au canton de Berne, il traite du thème de l’école d’autrefois, d’avant mai 68 jusqu’à celle du présent : l’école du nouveau millénaire. Je me suis penchée sur les notions suivantes : autorité, respect, évolution, statut, rôle de l’enseignant et nostalgie, afin de répondre à ma question de recherche qui tente de savoir ainsi, dans quelle mesure les conditions de travail de l’enseignant et notamment les rapports d’entente avec les élèves, ont évolué depuis une cinquantaine d’années. Était-ce « mieux avant ? » Pour ce travail, j’ai réalisé six entretiens qualitatifs montrant trois générations d’enseignants : retraités, confirmés et jeunes. J’ai ensuite comparé les résultats entre pairs puis de façon intergénérationnelle afin de confronter les différents changements et évolutions qui sont intervenus durant les clinquantes dernières années. J’ai fait des recherches au niveau de l’évolution des familles ainsi que de la société, car ces deux éléments sont très importants lorsque l’on parle de l’école. En effet, l’école s’inscrit au sein même de la société, elle est influencée par différents acteurs : le corps enseignant, l’administration, la politique, la religion et la société. Toutes décisions ou modifications quelconques dans l’école sont le résultat des choix pris par ces différents partenaires. Un autre aspect essentiel de ma recherche est la notion de prise de distance à avoir avec la génération des années soixante concernant leurs propos vis-à-vis de l’école, afin d’obtenir des résultats aussi objectifs que possible. Effectivement, lorsque les enseignants de cette ladite génération m’ont parlé de leur réalité d’enseignant à cette époque, celle-ci faisait appel au monde des souvenirs. Leurs paroles sont donc légèrement trompeuses, car elles sont influencées par un phénomène humain qui a tendance à embellir le passé, c’est ce que l’on appelle la nostalgie.</subfield>
      <subfield code="9">fre</subfield>
    </datafield>
    <datafield tag="695" ind1="" ind2="">
      <subfield code="a">École d’aujourd’hui ; école d’hier ; évolution ; autorité ; habillement</subfield>
      <subfield code="9">fre</subfield>
    </datafield>
    <datafield tag="700" ind1="" ind2="">
      <subfield code="a">Allanfranchini, Patrice</subfield>
      <subfield code="e">Dir.</subfield>
    </datafield>
    <datafield tag="919" ind1="" ind2="">
      <subfield code="a">Haute école pédagogique BEJUNE</subfield>
      <subfield code="b">Porrentruy</subfield>
      <subfield code="d">doc.support@rero.ch</subfield>
    </datafield>
    <datafield tag="980" ind1="" ind2="">
      <subfield code="a">DISSERTATION</subfield>
      <subfield code="b">HEPBEJUNE</subfield>
      <subfield code="f">DISS_BACHELOR</subfield>
    </datafield>
    <datafield tag="990" ind1="" ind2="">
      <subfield code="a">20141008151833-GT</subfield>
    </datafield>
    <datafield tag="FFT" ind1="" ind2="">
      <subfield code="a">/Users/marietho/Devel/Virtualenvs/rerodoc/src/rerodoc/rerodoc/testsuite/data/record/232439/files/PF1_2013_MP_KissAmira.pdf</subfield>
      <subfield code="r"></subfield>
      <subfield code="d">Fichier principal</subfield>
      <subfield code="z">order:1</subfield>
      <subfield code="n">PF1_2013_MP_KissAmira.pdf</subfield>
    </datafield>
  </record>