
  <record>
    <datafield tag="041" ind1="" ind2="">
      <subfield code="a">fre</subfield>
    </datafield>
    <datafield tag="080" ind1="" ind2="">
      <subfield code="a">37</subfield>
    </datafield>
    <datafield tag="100" ind1="" ind2="">
      <subfield code="a">Juillard, Anaïs</subfield>
    </datafield>
    <datafield tag="245" ind1="" ind2="">
      <subfield code="a">L’enseignement de l’Histoire à l’école primaire au cycle 2, elle s'enseigne !</subfield>
      <subfield code="9">fre</subfield>
    </datafield>
    <datafield tag="300" ind1="" ind2="">
      <subfield code="a">108 p.</subfield>
    </datafield>
    <datafield tag="500" ind1="" ind2="">
      <subfield code="a">Mémoire professionnel, Bachelor of Arts en enseignement pour les degrés préscolaire et primaire, Volée 2010-2013</subfield>
    </datafield>
    <datafield tag="502" ind1="" ind2="">
      <subfield code="a">Mémoire de bachelor : Haute école pédagogique BEJUNE, 2013</subfield>
      <subfield code="9">2013</subfield>
    </datafield>
    <datafield tag="520" ind1="" ind2="">
      <subfield code="a">« Savoir d’où l’on vient pour savoir où l’on va » est l’une de mes citations favorites car elle représente ma vision générale de la nécessité de l’Histoire dans notre société. Dans un monde où l’on a perdu certains repères, l’Histoire offre l’opportunité de réfléchir, de développer sone esprit critique et de se poser des questions sur ce que nous sommes. Malheureusement, l’Histoire n’est pas appréciée à sa juste valeur dans nos classes. Mon mémoire a pour ligne directrice de lui redonner une place et la possibilité d’un réel enseignement. Bien évidemment, l’enseignant a un rôle essentiel à jouer pour son enseignement. C’est pourquoi, je me suis posée un certain nombre de questions visant à comprendre l’évolution de l’Histoire dans les classes, les objectifs à atteindre, la posture de l’enseignant dans le but d’analyser les enseignants et leur démarche intellectuelle. Afin d’y répondre, je suis allée observer des classes du cycle 2 dans le canton de Neuchâtel. A la suite de ces observations, je me suis entretenue avec les enseignantes. L’expérience fut enrichissante et pleines de surprises mais ça c’est une autre histoire.</subfield>
      <subfield code="9">fre</subfield>
    </datafield>
    <datafield tag="695" ind1="" ind2="">
      <subfield code="a">Concepts ; périodisation ; postures ; attentes pédagogiques ; didactique</subfield>
      <subfield code="9">fre</subfield>
    </datafield>
    <datafield tag="700" ind1="" ind2="">
      <subfield code="a">Allanfranchini, Patrice</subfield>
      <subfield code="e">Dir.</subfield>
    </datafield>
    <datafield tag="919" ind1="" ind2="">
      <subfield code="a">Haute école pédagogique BEJUNE</subfield>
      <subfield code="b">Porrentruy</subfield>
      <subfield code="d">doc.support@rero.ch</subfield>
    </datafield>
    <datafield tag="980" ind1="" ind2="">
      <subfield code="a">DISSERTATION</subfield>
      <subfield code="b">HEPBEJUNE</subfield>
      <subfield code="f">DISS_BACHELOR</subfield>
    </datafield>
    <datafield tag="990" ind1="" ind2="">
      <subfield code="a">20141008151410-MW</subfield>
    </datafield>
    <datafield tag="FFT" ind1="" ind2="">
      <subfield code="a">/Users/marietho/Devel/Virtualenvs/rerodoc/src/rerodoc/rerodoc/testsuite/data/record/232438/files/PF1_2013_MP_JuilliardAnais.pdf</subfield>
      <subfield code="r"></subfield>
      <subfield code="d">Fichier principal</subfield>
      <subfield code="z">order:1</subfield>
      <subfield code="n">PF1_2013_MP_JuilliardAnais.pdf</subfield>
    </datafield>
  </record>