
  <record>
    <datafield tag="041" ind1="" ind2="">
      <subfield code="a">fre</subfield>
    </datafield>
    <datafield tag="080" ind1="" ind2="">
      <subfield code="a">37</subfield>
    </datafield>
    <datafield tag="100" ind1="" ind2="">
      <subfield code="a">Jossi, Mélodie</subfield>
    </datafield>
    <datafield tag="245" ind1="" ind2="">
      <subfield code="a">Accompagner sa classe lors d'un deuil</subfield>
      <subfield code="9">fre</subfield>
      <subfield code="b">rôle et attitude de l'enseignant, référentiel d'activités susceptibles d'être conduites</subfield>
    </datafield>
    <datafield tag="300" ind1="" ind2="">
      <subfield code="a">98 p.</subfield>
    </datafield>
    <datafield tag="500" ind1="" ind2="">
      <subfield code="a">Mémoire professionnel, Bachelor of Arts en enseignement pour les degrés préscolaire et primaire, Volée 2010-2013</subfield>
    </datafield>
    <datafield tag="502" ind1="" ind2="">
      <subfield code="a">Mémoire de bachelor : Haute école pédagogique BEJUNE, 2013</subfield>
      <subfield code="9">2013</subfield>
    </datafield>
    <datafield tag="520" ind1="" ind2="">
      <subfield code="a">La mort est un sujet très complexe et tabou dans notre civilisation occidentale. Il est utopique d’en donner une définition unique alors que l’école est friande de savoirs scientifiques et avérés. Ce travail, à travers une approche philosophique et religieuse, montre à quel point la mort est peu définissable. Pourtant, elle survient souvent lorsqu’on s’y attend le moins et en tant qu’enseignant, nous avons à répondre aux besoins et aux questions de nos élèves. N’ayant pas de vérité sur le sujet, il est parfois difficile de se positionner. Le but n’est selon moi pas d’apporter des réponses exhaustives aux élèves mais plutôt de leur permettre de se sentir mieux face aux événements. Ce mémoire propose quelques pistes et donne différents conseils aux enseignants qui vivent un deuil avec le groupe-classe. Il tend également à les rendre attentifs aux comportements susceptibles d’être observés chez les élèves et donne quelques éléments théoriques quant au stade de compréhension de la mort chez l’enfant, en fonction de son âge.</subfield>
      <subfield code="9">fre</subfield>
    </datafield>
    <datafield tag="695" ind1="" ind2="">
      <subfield code="a">Mort ; deuil ; croyances ; stades cognitifs ; démystification ; accompagnement</subfield>
      <subfield code="9">fre</subfield>
    </datafield>
    <datafield tag="700" ind1="" ind2="">
      <subfield code="a">Zumwald, Jean-Claude</subfield>
      <subfield code="e">Dir.</subfield>
    </datafield>
    <datafield tag="919" ind1="" ind2="">
      <subfield code="a">Haute école pédagogique BEJUNE</subfield>
      <subfield code="b">Porrentruy</subfield>
      <subfield code="d">doc.support@rero.ch</subfield>
    </datafield>
    <datafield tag="980" ind1="" ind2="">
      <subfield code="a">DISSERTATION</subfield>
      <subfield code="b">HEPBEJUNE</subfield>
      <subfield code="f">DISS_BACHELOR</subfield>
    </datafield>
    <datafield tag="990" ind1="" ind2="">
      <subfield code="a">20141008150913-NT</subfield>
    </datafield>
    <datafield tag="FFT" ind1="" ind2="">
      <subfield code="a">/Users/marietho/Devel/Virtualenvs/rerodoc/src/rerodoc/rerodoc/testsuite/data/record/232437/files/PF1_2013_MP_JossiMelodie.pdf</subfield>
      <subfield code="r"></subfield>
      <subfield code="d">Fichier principal</subfield>
      <subfield code="z">order:1</subfield>
      <subfield code="n">PF1_2013_MP_JossiMelodie.pdf</subfield>
    </datafield>
  </record>