
  <record>
    <datafield tag="041" ind1="" ind2="">
      <subfield code="a">fre</subfield>
    </datafield>
    <datafield tag="080" ind1="" ind2="">
      <subfield code="a">37</subfield>
    </datafield>
    <datafield tag="100" ind1="" ind2="">
      <subfield code="a">Hehlen, Florence</subfield>
    </datafield>
    <datafield tag="245" ind1="" ind2="">
      <subfield code="a">Particularités des enfants HPI, prise en compte dans le système scolaire neuchâtelois</subfield>
      <subfield code="9">fre</subfield>
    </datafield>
    <datafield tag="300" ind1="" ind2="">
      <subfield code="a">114 p.</subfield>
    </datafield>
    <datafield tag="500" ind1="" ind2="">
      <subfield code="a">Mémoire professionnel, Bachelor of Arts en enseignement pour les degrés préscolaire et primaire, Volée 2010-2013</subfield>
    </datafield>
    <datafield tag="502" ind1="" ind2="">
      <subfield code="a">Mémoire de bachelor : Haute école pédagogique BEJUNE, 2013</subfield>
      <subfield code="9">2013</subfield>
    </datafield>
    <datafield tag="520" ind1="" ind2="">
      <subfield code="a">Ce travail de recherche traite de la thématique des enfants à haut potentiel. Dans un premier temps, une réflexion est menée sur ce qu’est le haut potentiel et ses différentes implications dans la vie de tous les jours. Ce travail est élaboré autour de points de vue de trois catégories de personnes : une psychologue, des parents d’enfants concernés et des enseignants1. La psychologue intervient dans un premier temps et nous fait part de son expérience en lien avec ce sujet et nous informe sur les différentes étapes du dépistage du haut potentiel. Puis c’est au tour des parents de prendre la parole et de nous faire partager leur vécu au quotidien. Il s’agit ensuite de s’intéresser à l’école de manière générale, puis de se centrer sur le système scolaire neuchâtelois. Au travers de ces différents intervenants, ce sont les caractéristiques des enfants à haut potentiel et leurs besoins spécifiques qui sont examinés. Il s’agira de voir ce qui est mis en place actuellement dans les écoles primaires pour tenir compte de leurs différentes particularités et de leur permettre une bonne intégration au système scolaire tout en valorisant le développement de leur potentiel.</subfield>
      <subfield code="9">fre</subfield>
    </datafield>
    <datafield tag="695" ind1="" ind2="">
      <subfield code="a">différenciation ; haut potentiel ; enfant ; école primaire ; Neuchâtel (canton)</subfield>
      <subfield code="9">fre</subfield>
    </datafield>
    <datafield tag="700" ind1="" ind2="">
      <subfield code="a">Jeanrenaud, Christian</subfield>
      <subfield code="e">Dir.</subfield>
    </datafield>
    <datafield tag="919" ind1="" ind2="">
      <subfield code="a">Haute école pédagogique BEJUNE</subfield>
      <subfield code="b">Porrentruy</subfield>
      <subfield code="d">doc.support@rero.ch</subfield>
    </datafield>
    <datafield tag="980" ind1="" ind2="">
      <subfield code="a">DISSERTATION</subfield>
      <subfield code="b">HEPBEJUNE</subfield>
      <subfield code="f">DISS_BACHELOR</subfield>
    </datafield>
    <datafield tag="990" ind1="" ind2="">
      <subfield code="a">20141008150120-OK</subfield>
    </datafield>
    <datafield tag="FFT" ind1="" ind2="">
      <subfield code="a">/Users/marietho/Devel/Virtualenvs/rerodoc/src/rerodoc/rerodoc/testsuite/data/record/232435/files/PF1_2013_MP_HehlenFlorence.pdf</subfield>
      <subfield code="r"></subfield>
      <subfield code="d">Fichier principal</subfield>
      <subfield code="z">order:1</subfield>
      <subfield code="n">PF1_2013_MP_HehlenFlorence.pdf</subfield>
    </datafield>
  </record>