
  <record>
    <datafield tag="041" ind1="" ind2="">
      <subfield code="a">fre</subfield>
    </datafield>
    <datafield tag="080" ind1="" ind2="">
      <subfield code="a">37</subfield>
    </datafield>
    <datafield tag="100" ind1="" ind2="">
      <subfield code="a">Haenni, Marie</subfield>
    </datafield>
    <datafield tag="245" ind1="" ind2="">
      <subfield code="a">Ecole et musée</subfield>
      <subfield code="9">fre</subfield>
      <subfield code="b">la visite scolaire, activité parascolaire ou situation d'apprentissage</subfield>
    </datafield>
    <datafield tag="300" ind1="" ind2="">
      <subfield code="a">54 p.</subfield>
    </datafield>
    <datafield tag="500" ind1="" ind2="">
      <subfield code="a">Mémoire professionnel, Bachelor of Arts en enseignement pour les degrés préscolaire et primaire, Volée 2010-2013</subfield>
    </datafield>
    <datafield tag="502" ind1="" ind2="">
      <subfield code="a">Mémoire de bachelor : Haute école pédagogique BEJUNE, 2013</subfield>
      <subfield code="9">2013</subfield>
    </datafield>
    <datafield tag="520" ind1="" ind2="">
      <subfield code="a">Comment les enseignants envisagent-ils la visite scolaire au musée ? Quels sont les aspects pédagogiques, les facteurs personnels et institutionnels qui rentrent en compte dans cette démarche? Les enseignants semblent quelque peu désemparés face au défi que représente la visite scolaire. J’ai donc cherché à comprendre les rouages de la collaboration entre école et musée afin de cerner les acquis et les manques de la situation actuelle. La démarche de visite scolaire au musée s’inscrit dans un processus plus large d’appropriation de l’exposition, de compréhension de la logique professionnelle de chaque institution, de préparation de la visite et d’exploitation ultérieure de cette dernière. Le processus répond à une nécessité d’apprentissage de l’élève, traduit en objectifs et compétences potentiellement exerçables. Il est donc primordial que l’enseignant s’approprie ce processus afin d’optimiser la situation d’apprentissage. C’est donc en étudiant les pratiques réelles des enseignants, leurs attitudes et leurs attentes que j’ai tenté de dégager la situation actuelle, afin de préciser le rôle de l’enseignant, celui de l’institution scolaire et celui du musée.</subfield>
      <subfield code="9">fre</subfield>
    </datafield>
    <datafield tag="695" ind1="" ind2="">
      <subfield code="a">Visite scolaire ; muséologie ; capacités transversales ; transposition didactique ; collaboration école-musée</subfield>
      <subfield code="9">fre</subfield>
    </datafield>
    <datafield tag="700" ind1="" ind2="">
      <subfield code="a">Allanfranchini, Patrice</subfield>
      <subfield code="e">Dir.</subfield>
    </datafield>
    <datafield tag="919" ind1="" ind2="">
      <subfield code="a">Haute école pédagogique BEJUNE</subfield>
      <subfield code="b">Porrentruy</subfield>
      <subfield code="d">doc.support@rero.ch</subfield>
    </datafield>
    <datafield tag="980" ind1="" ind2="">
      <subfield code="a">DISSERTATION</subfield>
      <subfield code="b">HEPBEJUNE</subfield>
      <subfield code="f">DISS_BACHELOR</subfield>
    </datafield>
    <datafield tag="990" ind1="" ind2="">
      <subfield code="a">20141008145539-NV</subfield>
    </datafield>
    <datafield tag="FFT" ind1="" ind2="">
      <subfield code="a">/Users/marietho/Devel/Virtualenvs/rerodoc/src/rerodoc/rerodoc/testsuite/data/record/232434/files/PF1_2013_MP_HaenniMarie.pdf</subfield>
      <subfield code="r"></subfield>
      <subfield code="d">Texte intégral</subfield>
      <subfield code="z">order:1</subfield>
      <subfield code="n">PF1_2013_MP_HaenniMarie.pdf</subfield>
    </datafield>
  </record>