
  <record>
    <datafield tag="041" ind1="" ind2="">
      <subfield code="a">fre</subfield>
    </datafield>
    <datafield tag="080" ind1="" ind2="">
      <subfield code="a">37</subfield>
    </datafield>
    <datafield tag="100" ind1="" ind2="">
      <subfield code="a">Grosvernier, Coraline</subfield>
    </datafield>
    <datafield tag="245" ind1="" ind2="">
      <subfield code="a">Ecole enfantine</subfield>
      <subfield code="9">fre</subfield>
      <subfield code="b">influence de la forme de jeu sur la socialisation de l’enfant</subfield>
    </datafield>
    <datafield tag="300" ind1="" ind2="">
      <subfield code="a">91 p.</subfield>
    </datafield>
    <datafield tag="500" ind1="" ind2="">
      <subfield code="a">Mémoire professionnel, Bachelor of Arts en enseignement pour les degrés préscolaire et primaire, Volée 2010-2013</subfield>
    </datafield>
    <datafield tag="502" ind1="" ind2="">
      <subfield code="a">Mémoire de bachelor : Haute école pédagogique BEJUNE, 2013</subfield>
      <subfield code="9">2013</subfield>
    </datafield>
    <datafield tag="520" ind1="" ind2="">
      <subfield code="a">Pour mon travail de mémoire, je me suis intéressée au jeu à l’école enfantine et principalement à l’influence qu’ont un jeu formel et un jeu informel sur la socialisation d’un groupe d’élèves de 2H. J’ai commencé par définir ce qu’est le jeu et son rôle. Je me suis ensuite intéressée au développement de l’enfant d’un point de vue cognitif et social en abordant divers auteurs tels que Jean Piaget, Maria Montessori ou encore Lev Vygotsky. J’ai aussi abordé le thème de l’éducation explicite et implicite puisque ma question de recherche concerne le jeu formel et le jeu informel. Pour ma partie pratique, j’ai mis en place des observations dans une classe de 1H-2H. J’ai filmé un groupe de trois élèves jouant à un jeu formel et à un jeu informel une fois par semaine et durant trois semaines consécutives. Les principaux résultats qui sont ressortis de ces observations sont les suivants : les élèves n’ont pas toujours le même éveil mental lors du jeu, et l’élève de 5-6ans est encore très égocentrique, ce qui freine les interactions avec ses pairs.</subfield>
      <subfield code="9">fre</subfield>
    </datafield>
    <datafield tag="695" ind1="" ind2="">
      <subfield code="a">Ecole enfantine ; socialisation ; interactions ; jeu formel ; jeu informel</subfield>
      <subfield code="9">fre</subfield>
    </datafield>
    <datafield tag="700" ind1="" ind2="">
      <subfield code="a">Joliat, François</subfield>
      <subfield code="e">Dir.</subfield>
    </datafield>
    <datafield tag="919" ind1="" ind2="">
      <subfield code="a">Haute école pédagogique BEJUNE</subfield>
      <subfield code="b">Porrentruy</subfield>
      <subfield code="d">doc.support@rero.ch</subfield>
    </datafield>
    <datafield tag="980" ind1="" ind2="">
      <subfield code="a">DISSERTATION</subfield>
      <subfield code="b">HEPBEJUNE</subfield>
      <subfield code="f">DISS_BACHELOR</subfield>
    </datafield>
    <datafield tag="990" ind1="" ind2="">
      <subfield code="a">20141008145220-WS</subfield>
    </datafield>
    <datafield tag="FFT" ind1="" ind2="">
      <subfield code="a">/Users/marietho/Devel/Virtualenvs/rerodoc/src/rerodoc/rerodoc/testsuite/data/record/232433/files/PF1_2013_MP_GrosvernierCoraline.pdf</subfield>
      <subfield code="r"></subfield>
      <subfield code="d">Fichier principal</subfield>
      <subfield code="z">order:1</subfield>
      <subfield code="n">PF1_2013_MP_GrosvernierCoraline.pdf</subfield>
    </datafield>
  </record>