
  <record>
    <datafield tag="041" ind1="" ind2="">
      <subfield code="a">fre</subfield>
    </datafield>
    <datafield tag="080" ind1="" ind2="">
      <subfield code="a">37</subfield>
    </datafield>
    <datafield tag="100" ind1="" ind2="">
      <subfield code="a">Girolami, Dania</subfield>
    </datafield>
    <datafield tag="245" ind1="" ind2="">
      <subfield code="a">La gestion de classe entre la théorie et la pratique observée</subfield>
      <subfield code="9">fre</subfield>
    </datafield>
    <datafield tag="300" ind1="" ind2="">
      <subfield code="a">69 p.</subfield>
    </datafield>
    <datafield tag="500" ind1="" ind2="">
      <subfield code="a">Mémoire professionnel, Bachelor of Arts en enseignement pour les degrés préscolaire et primaire, Volée 2010-2013</subfield>
    </datafield>
    <datafield tag="502" ind1="" ind2="">
      <subfield code="a">Mémoire de bachelor : Haute école pédagogique BEJUNE, 2013</subfield>
      <subfield code="9">2013</subfield>
    </datafield>
    <datafield tag="520" ind1="" ind2="">
      <subfield code="a">Ce travail de mémoire professionnel se penche sur la question de la gestion de classe, plus particulièrement sur comment gérer une classe harmonieusement. A quoi faut-il faire attention ? Que faut-il instaurer dans la classe pour obtenir un climat favorable ? Pour ce faire, il s’agit de comparer des méthodes et des modèles que proposent les ouvrages avec ce qu’il se passe réellement sur le terrain. Pour comprendre au mieux comment se déroule la vie d’une classe, des observations sont entreprises sur le comportement d’un enseignant, réputé pour sa « bonne » gestion de classe. Celles-ci sont comparées avec des ouvrages de référence de la gestion de classe. En quoi la théorie de la gestion de classe (particulièrement celle d’Archambault et Chouinard, 1996 et Hierck, Coleman et Weber, 2012) concorde-t-elle avec la pratique observée? Telle est la question que ce travail veut déceler et mettre en évidence.</subfield>
      <subfield code="9">fre</subfield>
    </datafield>
    <datafield tag="695" ind1="" ind2="">
      <subfield code="a">Gestion de classe ; climat ; Soutien au Comportement Positif (SCP) ; harmonie ; interventions</subfield>
      <subfield code="9">fre</subfield>
    </datafield>
    <datafield tag="919" ind1="" ind2="">
      <subfield code="a">Haute école pédagogique BEJUNE</subfield>
      <subfield code="b">Porrentruy</subfield>
      <subfield code="d">doc.support@rero.ch</subfield>
    </datafield>
    <datafield tag="980" ind1="" ind2="">
      <subfield code="a">DISSERTATION</subfield>
      <subfield code="b">HEPBEJUNE</subfield>
      <subfield code="f">DISS_BACHELOR</subfield>
    </datafield>
    <datafield tag="990" ind1="" ind2="">
      <subfield code="a">20141008144710-BC</subfield>
    </datafield>
    <datafield tag="FFT" ind1="" ind2="">
      <subfield code="a">/Users/marietho/Devel/Virtualenvs/rerodoc/src/rerodoc/rerodoc/testsuite/data/record/232432/files/PF1_2013_MP_GirolamiDania.pdf</subfield>
      <subfield code="r"></subfield>
      <subfield code="d">Fichier principal</subfield>
      <subfield code="z">order:1</subfield>
      <subfield code="n">PF1_2013_MP_GirolamiDania.pdf</subfield>
    </datafield>
  </record>