
  <record>
    <datafield tag="041" ind1="" ind2="">
      <subfield code="a">fre</subfield>
    </datafield>
    <datafield tag="080" ind1="" ind2="">
      <subfield code="a">37</subfield>
    </datafield>
    <datafield tag="100" ind1="" ind2="">
      <subfield code="a">Gafner, Noëmie</subfield>
    </datafield>
    <datafield tag="245" ind1="" ind2="">
      <subfield code="a">Arts visuels, l’influence de la tâche à accomplir sur l’imitation réciproque des élèves de 1H</subfield>
      <subfield code="9">fre</subfield>
    </datafield>
    <datafield tag="300" ind1="" ind2="">
      <subfield code="a">79 p.</subfield>
    </datafield>
    <datafield tag="500" ind1="" ind2="">
      <subfield code="a">Mémoire professionnel, Bachelor of Arts en enseignement pour les degrés préscolaire et primaire, Volée 2010-2013</subfield>
    </datafield>
    <datafield tag="502" ind1="" ind2="">
      <subfield code="a">Mémoire de bachelor : Haute école pédagogique BEJUNE, 2013</subfield>
      <subfield code="9">2013</subfield>
    </datafield>
    <datafield tag="520" ind1="" ind2="">
      <subfield code="a">La pensée créatrice est l’une des capacités transversales du nouveau plan d’étude romand (PER). Bien qu’elle concerne toutes les disciplines, nous avons ciblé notre recherche sur les arts visuels. A ce niveau, il est essentiel de donner à l’élève l’opportunité d’imaginer, de représenter son ressenti. La démarche créative, composée de différentes phases, revêt alors une importance particulière. Par ailleurs, les consignes données jouent un rôle non négligeable en encourageant ou freinant la créativité. Dans ce mémoire, nous ne nous sommes pas arrêtés au premier concept, celui de la créativité, mais nous l’avons mis en lien avec celui de l’imitation. En effet, certaines aires de notre système moteur sont formées de neurones miroirs. Grâce à ces derniers, nous avons la possibilité de reproduire un acte observé chez l’autre, c’est-à-dire, d’imiter et ainsi de se construire. Dans ce travail, nous nous sommes intéressés à l’influence de la consigne sur l’imitation mutuelle des élèves de 1H. D’une part, les correspondances entre les peintures de deux élèves peignant côte à côte ont été mises en évidence. D’autre part, nous nous sommes questionnés sur les effets : de l’imitation, de la peinture (figurative, non figurative) et du groupe</subfield>
      <subfield code="9">fre</subfield>
    </datafield>
    <datafield tag="695" ind1="" ind2="">
      <subfield code="a">Arts visuels ; consigne ; correspondance ; créativité ; imitation</subfield>
      <subfield code="9">fre</subfield>
    </datafield>
    <datafield tag="700" ind1="" ind2="">
      <subfield code="a">Baume, Christiane</subfield>
      <subfield code="e">Dir.</subfield>
    </datafield>
    <datafield tag="919" ind1="" ind2="">
      <subfield code="a">Haute école pédagogique BEJUNE</subfield>
      <subfield code="b">Porrentruy</subfield>
      <subfield code="d">doc.support@rero.ch</subfield>
    </datafield>
    <datafield tag="980" ind1="" ind2="">
      <subfield code="a">DISSERTATION</subfield>
      <subfield code="b">HEPBEJUNE</subfield>
      <subfield code="f">DISS_BACHELOR</subfield>
    </datafield>
    <datafield tag="990" ind1="" ind2="">
      <subfield code="a">20141008144133-CY</subfield>
    </datafield>
    <datafield tag="FFT" ind1="" ind2="">
      <subfield code="a">/Users/marietho/Devel/Virtualenvs/rerodoc/src/rerodoc/rerodoc/testsuite/data/record/232431/files/PF1_2013_MP_GafnerNoemie.pdf</subfield>
      <subfield code="r"></subfield>
      <subfield code="d">Fichier principal</subfield>
      <subfield code="z">order:1</subfield>
      <subfield code="n">PF1_2013_MP_GafnerNoemie.pdf</subfield>
    </datafield>
  </record>