
  <record>
    <datafield tag="041" ind1="" ind2="">
      <subfield code="a">fre</subfield>
    </datafield>
    <datafield tag="080" ind1="" ind2="">
      <subfield code="a">37</subfield>
    </datafield>
    <datafield tag="100" ind1="" ind2="">
      <subfield code="a">Frein, Mégane</subfield>
    </datafield>
    <datafield tag="245" ind1="" ind2="">
      <subfield code="a">La place du Brain Gym à l'écolre</subfield>
      <subfield code="9">fre</subfield>
    </datafield>
    <datafield tag="300" ind1="" ind2="">
      <subfield code="a">64 p.</subfield>
    </datafield>
    <datafield tag="500" ind1="" ind2="">
      <subfield code="a">Mémoire professionnel, Bachelor of Arts en enseignement pour les degrés préscolaire et primaire, Volée 2010-2013</subfield>
    </datafield>
    <datafield tag="502" ind1="" ind2="">
      <subfield code="a">Mémoire de bachelor : Haute école pédagogique BEJUNE, 2013</subfield>
      <subfield code="9">2013</subfield>
    </datafield>
    <datafield tag="520" ind1="" ind2="">
      <subfield code="a">Notre travail de recherche est basé sur le Brain Gym. Cette thématique, relatée par Dennison, provient des États-Unis et se répand actuellement en Europe, particulièrement dans le milieu de l’enseignement. Les exercices caractérisant cette pratique, au nombre de vingt-six, sont simples à réaliser et sont liés à des apprentissages spécifiques. Dennison a constaté que ces exercices, pratiqués de manière régulière avec des élèves en difficulté, apportent des effets bénéfiques sur les apprentissages. Ces derniers peuvent être appliqués dans les classes pour favoriser les apprentissages et la réussite scolaire. En outre, l’apport de mouvement en classe répond à des objectifs du plan d’études romand (PER). Nous avons alors cherché à découvrir les représentations des enseignants primaires de la région sur cette pratique. Pour ce faire, sept classes du Jura, allant de 1PH à 8PH, ont testé les exercices de Brain Gym quotidiennement dans leur classe durant six semaines. Ceci sur la base d’un manuel d’expérimentation que nous avons réalisé en prenant certains exercices de Dennison comme source. Une fois l’expérience terminée, les enseignants ont répondu à un entretien et livré leurs observations. Une analyse a été effectuée suite aux remarques des enseignants. Elle a permis de livrer des résultats quant à la mise en place du projet en classe, aux représentations des enseignants, aux effets apportés, ou encore la catégorisation des exercices les mieux adaptés à chacun des degrés primaires.</subfield>
      <subfield code="9">fre</subfield>
    </datafield>
    <datafield tag="695" ind1="" ind2="">
      <subfield code="a">Mouvements ; cerveau ; apprentissage ; enseignement ; représentation</subfield>
      <subfield code="9">fre</subfield>
    </datafield>
    <datafield tag="700" ind1="" ind2="">
      <subfield code="a">Olivotti, Fiona</subfield>
    </datafield>
    <datafield tag="700" ind1="" ind2="">
      <subfield code="a">Pasche-Gossin, Françoise</subfield>
      <subfield code="e">Dir.</subfield>
    </datafield>
    <datafield tag="919" ind1="" ind2="">
      <subfield code="a">Haute école pédagogique BEJUNE</subfield>
      <subfield code="b">Porrentruy</subfield>
      <subfield code="d">doc.support@rero.ch</subfield>
    </datafield>
    <datafield tag="980" ind1="" ind2="">
      <subfield code="a">DISSERTATION</subfield>
      <subfield code="b">HEPBEJUNE</subfield>
      <subfield code="f">DISS_BACHELOR</subfield>
    </datafield>
    <datafield tag="990" ind1="" ind2="">
      <subfield code="a">20141008132858-WD</subfield>
    </datafield>
    <datafield tag="FFT" ind1="" ind2="">
      <subfield code="a">/Users/marietho/Devel/Virtualenvs/rerodoc/src/rerodoc/rerodoc/testsuite/data/record/232430/files/PF1_2013_MP_FreinMegane_OlivottiFiona.pdf</subfield>
      <subfield code="r"></subfield>
      <subfield code="d">Fichier principal</subfield>
      <subfield code="z">order:1</subfield>
      <subfield code="n">PF1_2013_MP_FreinMegane_OlivottiFiona.pdf</subfield>
    </datafield>
  </record>