
  <record>
    <datafield tag="041" ind1="" ind2="">
      <subfield code="a">fre</subfield>
    </datafield>
    <datafield tag="080" ind1="" ind2="">
      <subfield code="a">37</subfield>
    </datafield>
    <datafield tag="100" ind1="" ind2="">
      <subfield code="a">Frei, Nathalie</subfield>
    </datafield>
    <datafield tag="245" ind1="" ind2="">
      <subfield code="a">La communication entre parents migrants et enseignants</subfield>
      <subfield code="9">fre</subfield>
    </datafield>
    <datafield tag="300" ind1="" ind2="">
      <subfield code="a">48 p.</subfield>
    </datafield>
    <datafield tag="500" ind1="" ind2="">
      <subfield code="a">Mémoire professionnel, Bachelor of Arts en enseignement pour les degrés préscolaire et primaire, Volée 2010-2013</subfield>
    </datafield>
    <datafield tag="502" ind1="" ind2="">
      <subfield code="a">Mémoire de bachelor : Haute école pédagogique BEJUNE, 2013</subfield>
      <subfield code="9">2013</subfield>
    </datafield>
    <datafield tag="520" ind1="" ind2="">
      <subfield code="a">La communication entre l’école et la famille semble être une composante essentielle (parmi tant d’autres d’ailleurs !) qui permettrait à l’enfant d’apprendre et d’évoluer sereinement. Elle n’est pourtant pas toujours bien vécue de part et d’autre car il arrive que certains malentendus surviennent. En effet, les enseignants de nos jours ont des contacts avec des familles d’origines très variées et doivent savoir faire preuve d’adaptation face à cette diversité. Même si la tâche est quelques fois périlleuse pour les enseignants, il est de leur devoir de tenir les parents informés du projet de l’école, de ce qui est mis en place pour leur enfant ainsi que de leurs rôles respectifs. Pour cela, il existe plusieurs types d’aide pour les parents et les enseignants. Plusieurs entretiens avec des enseignants du terrain m’ont permis une meilleure compréhension des enjeux de la communication école-famille. Ces entrevues ont également cerné les avantages et les difficultés de la communication ainsi que la place de la culture dans les rapports entre les parents et les enseignants.</subfield>
      <subfield code="9">fre</subfield>
    </datafield>
    <datafield tag="695" ind1="" ind2="">
      <subfield code="a">Communication ; interculturalité ; enseignant ; parents ; migration</subfield>
      <subfield code="9">fre</subfield>
    </datafield>
    <datafield tag="700" ind1="" ind2="">
      <subfield code="a">Schertenleib, Georges-Alain</subfield>
      <subfield code="e">Dir.</subfield>
    </datafield>
    <datafield tag="918" ind1="" ind2="">
      <subfield code="c">Formation Préscolaire et primaire</subfield>
    </datafield>
    <datafield tag="919" ind1="" ind2="">
      <subfield code="a">Haute école pédagogique BEJUNE</subfield>
      <subfield code="b">Porrentruy</subfield>
      <subfield code="d">doc.support@rero.ch</subfield>
    </datafield>
    <datafield tag="980" ind1="" ind2="">
      <subfield code="a">DISSERTATION</subfield>
      <subfield code="b">HEPBEJUNE</subfield>
      <subfield code="f">DISS_BACHELOR</subfield>
    </datafield>
    <datafield tag="990" ind1="" ind2="">
      <subfield code="a">20141008132458-VH</subfield>
    </datafield>
    <datafield tag="FFT" ind1="" ind2="">
      <subfield code="a">/Users/marietho/Devel/Virtualenvs/rerodoc/src/rerodoc/rerodoc/testsuite/data/record/232429/files/PF1_2013_MP_FreiNathalie.pdf</subfield>
      <subfield code="r"></subfield>
      <subfield code="d">Fichier principal</subfield>
      <subfield code="z">order:1</subfield>
      <subfield code="n">PF1_2013_MP_FreiNathalie.pdf</subfield>
    </datafield>
  </record>