
  <record>
    <datafield tag="041" ind1="" ind2="">
      <subfield code="a">fre</subfield>
    </datafield>
    <datafield tag="080" ind1="" ind2="">
      <subfield code="a">37</subfield>
    </datafield>
    <datafield tag="100" ind1="" ind2="">
      <subfield code="a">Fragnière, Alexandre</subfield>
    </datafield>
    <datafield tag="245" ind1="" ind2="">
      <subfield code="a">Expression et éveil des perceptions corporelles en regard du dessin du bonhomme chez l'enfant entre 5 et 6 ans</subfield>
      <subfield code="9">fre</subfield>
    </datafield>
    <datafield tag="300" ind1="" ind2="">
      <subfield code="a">168 p.</subfield>
    </datafield>
    <datafield tag="500" ind1="" ind2="">
      <subfield code="a">Mémoire professionnel, Bachelor of Arts en enseignement pour les degrés préscolaire et primaire, Volée 2010-2013</subfield>
    </datafield>
    <datafield tag="502" ind1="" ind2="">
      <subfield code="a">Mémoire de bachelor : Haute école pédagogique BEJUNE, 2013</subfield>
      <subfield code="9">2013</subfield>
    </datafield>
    <datafield tag="520" ind1="" ind2="">
      <subfield code="a">Nonobstant le fait que le théâtre ne soit pas une discipline enseignée dans les classes romandes, il est néanmoins régulièrement présent dans la vie des écoliers. Par le biais de la pratique du théâtre, les élèves peuvent découvrir cette culture artistique, développer leur capacité à représenter et exprimer une idée ou une émotion et mobiliser leurs perceptions sensorielles. De plus, le théâtre, en raison de sa pratique collective, stimule les contacts entre élèves et améliore la communication au sein de la classe. Il a donc une place importante dans le développement personnel des élèves, que ce soit au niveau des relations sociales ou au niveau de leur perception corporelle. Notre pratique professionnelle nous a conduits à vouloir montrer les bénéfices de la pratique du théâtre dans les classes en bas âge. Le travail présenté ici s’intéresse à l’éveil des perceptions corporelles de l’enfant. En effet, il cherche à montrer si l’expression corporelle théâtrale a un effet sur la construction du schéma corporel de l’enfant au travers du dessin du bonhomme. Nous avons choisi de faire travailler les enfants autour de l’autoportrait en pied. Celui-ci donnant une intention au dessin, l’enfant se sent plus investi dans le travail. Au travers de notre expérimentation, nous avons cherché à montrer l’impact des activités corporelles et théâtrales sur le développement des perceptions corporelles de l’enfant et à soulever les bénéfices de cette pratique pour l’élève. Pour mettre en place ces activités, nous nous sommes appuyés sur des indications figurant dans le PER (Plan d’Etudes Romand).</subfield>
      <subfield code="9">fre</subfield>
    </datafield>
    <datafield tag="695" ind1="" ind2="">
      <subfield code="a">Théâtre ; dessin ; expression corporelle ; perception corporelle ; autoportrait en pied</subfield>
      <subfield code="9">fre</subfield>
    </datafield>
    <datafield tag="700" ind1="" ind2="">
      <subfield code="a">Vuillaume, Amandine</subfield>
    </datafield>
    <datafield tag="700" ind1="" ind2="">
      <subfield code="a">Prudat, Anne-Lise</subfield>
      <subfield code="e">Dir.</subfield>
    </datafield>
    <datafield tag="918" ind1="" ind2="">
      <subfield code="c">Formation préscolaire et primaire</subfield>
    </datafield>
    <datafield tag="919" ind1="" ind2="">
      <subfield code="a">Haute école pédagogique BEJUNE</subfield>
      <subfield code="b">Porrentruy</subfield>
      <subfield code="d">doc.support@rero.ch</subfield>
    </datafield>
    <datafield tag="980" ind1="" ind2="">
      <subfield code="a">DISSERTATION</subfield>
      <subfield code="b">HEPBEJUNE</subfield>
      <subfield code="f">DISS_BACHELOR</subfield>
    </datafield>
    <datafield tag="990" ind1="" ind2="">
      <subfield code="a">20141008131807-IZ</subfield>
    </datafield>
    <datafield tag="FFT" ind1="" ind2="">
      <subfield code="a">/Users/marietho/Devel/Virtualenvs/rerodoc/src/rerodoc/rerodoc/testsuite/data/record/232428/files/PF1_2013_MP_FragniereAlexandre_VuillaumeAmandine.pdf</subfield>
      <subfield code="r"></subfield>
      <subfield code="d">Fichier principal</subfield>
      <subfield code="z">order:1</subfield>
      <subfield code="n">PF1_2013_MP_FragniereAlexandre_VuillaumeAmandine.pdf</subfield>
    </datafield>
  </record>