
  <record>
    <datafield tag="041" ind1="" ind2="">
      <subfield code="a">fre</subfield>
    </datafield>
    <datafield tag="080" ind1="" ind2="">
      <subfield code="a">37</subfield>
    </datafield>
    <datafield tag="100" ind1="" ind2="">
      <subfield code="a">Fleury, Christelle</subfield>
    </datafield>
    <datafield tag="245" ind1="" ind2="">
      <subfield code="a">Enseigner une L2 dès le premier cycle</subfield>
      <subfield code="9">fre</subfield>
      <subfield code="b">dans quel but et de quelle manière ?</subfield>
    </datafield>
    <datafield tag="300" ind1="" ind2="">
      <subfield code="a">106 p.</subfield>
    </datafield>
    <datafield tag="500" ind1="" ind2="">
      <subfield code="a">Mémoire professionnel, Bachelor of Arts en enseignement pour les degrés préscolaire et primaire, Volée 2010-2013</subfield>
    </datafield>
    <datafield tag="502" ind1="" ind2="">
      <subfield code="a">Mémoire de bachelor : Haute école pédagogique BEJUNE, 2013</subfield>
      <subfield code="9">2013</subfield>
    </datafield>
    <datafield tag="520" ind1="" ind2="">
      <subfield code="a">Le point de départ de ce travail se situe autour de l’enseignement des langues dans les premières années de la scolarité obligatoire. Il met en évidence les différents concepts et théories liés au bilinguisme et à leur influence dans les décisions politiques de ces dernières années en ce qui concerne l’apprentissage des langues. Ces résolutions ne sont cependant pas toujours bien acceptées, ni par les parents, ni par les enseignants qui craignent une surcharge cognitive et un manque de temps pour les apprentissages prioritaires. Au Jura, la sensibilisation à l’allemand a de la peine à trouver une place dans les classes du premier cycle. Les enseignants n’ont souvent pas pratiqué cette langue depuis de nombreuses années et il n’y a pas de dotation horaire prévue pour cette discipline. Ce dernier point oblige ainsi les enseignants à lui trouver une place dans des programmes déjà bien chargés. De plus, dans des classes de plus en plus hétérogènes culturellement, il est difficile de donner du sens à une langue supplémentaire qui ne se retrouve pas forcément parmi celles des élèves. La recherche de ce travail s’est donc axée sur les enseignants et leur rôle dans la sensibilisation des élèves à une langue sujette à de nombreux préjugés entravant son apprentissage.</subfield>
      <subfield code="9">fre</subfield>
    </datafield>
    <datafield tag="695" ind1="" ind2="">
      <subfield code="a">Allemand ; enseignement précoce ; sensibilisation ; immersion ; bilinguisme</subfield>
      <subfield code="9">fre</subfield>
    </datafield>
    <datafield tag="700" ind1="" ind2="">
      <subfield code="a">Charpié, Nathalie</subfield>
      <subfield code="e">Dir.</subfield>
    </datafield>
    <datafield tag="919" ind1="" ind2="">
      <subfield code="a">Haute école pédagogique BEJUNE</subfield>
      <subfield code="b">Porrentruy</subfield>
      <subfield code="d">doc.support@rero.ch</subfield>
    </datafield>
    <datafield tag="980" ind1="" ind2="">
      <subfield code="a">DISSERTATION</subfield>
      <subfield code="b">HEPBEJUNE</subfield>
      <subfield code="f">DISS_BACHELOR</subfield>
    </datafield>
    <datafield tag="990" ind1="" ind2="">
      <subfield code="a">20141008123211-OA</subfield>
    </datafield>
    <datafield tag="FFT" ind1="" ind2="">
      <subfield code="a">/Users/marietho/Devel/Virtualenvs/rerodoc/src/rerodoc/rerodoc/testsuite/data/record/232426/files/PF1_2013_MP_FleuryChristelle.pdf</subfield>
      <subfield code="r"></subfield>
      <subfield code="d">Fichier principal</subfield>
      <subfield code="z">order:1</subfield>
      <subfield code="n">PF1_2013_MP_FleuryChristelle.pdf</subfield>
    </datafield>
  </record>