
  <record>
    <datafield tag="041" ind1="" ind2="">
      <subfield code="a">fre</subfield>
    </datafield>
    <datafield tag="080" ind1="" ind2="">
      <subfield code="a">37</subfield>
    </datafield>
    <datafield tag="100" ind1="" ind2="">
      <subfield code="a">Ferreira, Coralie</subfield>
    </datafield>
    <datafield tag="245" ind1="" ind2="">
      <subfield code="a">Diversité religieuse des élèves et laïcité au sein de l’école publique</subfield>
      <subfield code="9">fre</subfield>
      <subfield code="b">quels enjeux ?</subfield>
    </datafield>
    <datafield tag="300" ind1="" ind2="">
      <subfield code="a">78 p.</subfield>
    </datafield>
    <datafield tag="500" ind1="" ind2="">
      <subfield code="a">Mémoire professionnel, Bachelor of Arts en enseignement pour les degrés préscolaire et primaire, Volée 2010-2013</subfield>
    </datafield>
    <datafield tag="502" ind1="" ind2="">
      <subfield code="a">Mémoire de bachelor : Haute école pédagogique BEJUNE, 2013</subfield>
      <subfield code="9">2013</subfield>
    </datafield>
    <datafield tag="520" ind1="" ind2="">
      <subfield code="a">La diversité religieuse de notre société est un fait avéré par les chiffres de l’Office fédéral de la statistique, publiés en 2000. Ces bouleversements, dus aux vagues successives de migrations, à la mobilité croissante de la population et au processus de sécularisation des organisations politiques et sociales, impliquent une remise en question des missions de l’institution scolaire. L’enseignement doit intégrer les fondements culturels et religieux propres aux traditions judéo-chrétiennes, ainsi que les pratiques des autres religions du monde. Avec la Déclaration de la CIIP et le PER, les cantons latins s’engagent à respecter des valeurs et des objectifs fondamentaux communs. La discipline « éthique et cultures religieuses » est une spécificité cantonale. Chaque autorité décide de quelle manière l’intégrer dans son programme. Des cantons comme Fribourg et le Valais ont adopté les moyens ENBIRO, pour l’enseignement d’une discipline spécifique, consacrée à l’étude des diverses religions. La laïcité scolaire de Neuchâtel en fait un cas à part ; les autorités ont décidé d’intégrer les diverses religions dans le cadre des cours d’histoire, dès la 8ème année. Quant est-il, dès lors, de la posture et des pratiques des enseignants neuchâtelois du cycle 2, quand il s’agit d’aborder la thématique religieuse en classe?</subfield>
      <subfield code="9">fre</subfield>
    </datafield>
    <datafield tag="695" ind1="" ind2="">
      <subfield code="a">Ecole ; laïcité ; religion ; enseignement ; diversité</subfield>
      <subfield code="9">fre</subfield>
    </datafield>
    <datafield tag="700" ind1="" ind2="">
      <subfield code="a">Inversin, Philippe</subfield>
      <subfield code="e">Dir.</subfield>
    </datafield>
    <datafield tag="919" ind1="" ind2="">
      <subfield code="a">Haute école pédagogique BEJUNE</subfield>
      <subfield code="b">Porrentruy</subfield>
      <subfield code="d">doc.support@rero.ch</subfield>
    </datafield>
    <datafield tag="980" ind1="" ind2="">
      <subfield code="a">DISSERTATION</subfield>
      <subfield code="b">HEPBEJUNE</subfield>
      <subfield code="f">DISS_BACHELOR</subfield>
    </datafield>
    <datafield tag="990" ind1="" ind2="">
      <subfield code="a">20141008122840-NI</subfield>
    </datafield>
    <datafield tag="FFT" ind1="" ind2="">
      <subfield code="a">/Users/marietho/Devel/Virtualenvs/rerodoc/src/rerodoc/rerodoc/testsuite/data/record/232425/files/PF1_2013_MP_FerreiraCoralie.pdf</subfield>
      <subfield code="r"></subfield>
      <subfield code="d">Fichier principal</subfield>
      <subfield code="z">order:1</subfield>
      <subfield code="n">PF1_2013_MP_FerreiraCoralie.pdf</subfield>
    </datafield>
  </record>