
  <record>
    <datafield tag="041" ind1="" ind2="">
      <subfield code="a">fre</subfield>
    </datafield>
    <datafield tag="080" ind1="" ind2="">
      <subfield code="a">37</subfield>
    </datafield>
    <datafield tag="100" ind1="" ind2="">
      <subfield code="a">Evard, Sahra</subfield>
    </datafield>
    <datafield tag="245" ind1="" ind2="">
      <subfield code="a">Les enjeux de la promotion du mouvement à l'école</subfield>
      <subfield code="9">fre</subfield>
    </datafield>
    <datafield tag="300" ind1="" ind2="">
      <subfield code="a">43 p.</subfield>
    </datafield>
    <datafield tag="500" ind1="" ind2="">
      <subfield code="a">Mémoire professionnel, Bachelor of Arts en enseignement pour les degrés préscolaire et primaire, Volée 2010-2013</subfield>
    </datafield>
    <datafield tag="502" ind1="" ind2="">
      <subfield code="a">Mémoire de bachelor : Haute école pédagogique BEJUNE, 2013</subfield>
      <subfield code="9">2013</subfield>
    </datafield>
    <datafield tag="520" ind1="" ind2="">
      <subfield code="a">Les projets ayant pour objectif l’augmentation de la part de mouvement en classe sont en plein essor. Dans le cadre de ce travail, il s’agira d’identifier le rôle de l’école ainsi que les différents avantages et inconvénients engendrés par l’introduction de plus de mouvement dans les classes, ceci au travers de lectures, études, expérimentations, entretiens et questionnaires. Les thèmes abordés sont les apports du mouvement sur la santé ainsi que ses effets sur le développement physique, cognitif et psychosocial des enfants. Les notions de pauses actives et d’apprentissage en mouvement seront développées, afin de montrer ce qu’il est possible de réaliser dans une classe. Instaurer ce type d’activités demande un certain nombre d’aménagements, je chercherai donc à savoir quels sont les programmes à disposition des classes, les bénéfices que cela peut avoir et si les enseignants sont prêts à modifier leur façon d’enseigner, afin de permettre à leurs élèves de bouger plus. Les freins à l’introduction de plus de mouvement dans le quotidien scolaire et les effets sur la gestion de classe m’intéressent particulièrement puisqu’il me semble nécessaire de les étudier, afin de permettre une évolution des pratiques enseignantes.</subfield>
      <subfield code="9">fre</subfield>
    </datafield>
    <datafield tag="695" ind1="" ind2="">
      <subfield code="a">Mouvement en classe ; pauses actives ; apprentissage ; gestion</subfield>
      <subfield code="9">fre</subfield>
    </datafield>
    <datafield tag="700" ind1="" ind2="">
      <subfield code="a">L'Eplattenier, Yves</subfield>
      <subfield code="e">Dir.</subfield>
    </datafield>
    <datafield tag="919" ind1="" ind2="">
      <subfield code="a">Haute école pédagogique BEJUNE</subfield>
      <subfield code="b">Porrentruy</subfield>
      <subfield code="d">doc.support@rero.ch</subfield>
    </datafield>
    <datafield tag="980" ind1="" ind2="">
      <subfield code="a">DISSERTATION</subfield>
      <subfield code="b">HEPBEJUNE</subfield>
      <subfield code="f">DISS_BACHELOR</subfield>
    </datafield>
    <datafield tag="990" ind1="" ind2="">
      <subfield code="a">20141008122320-HF</subfield>
    </datafield>
    <datafield tag="FFT" ind1="" ind2="">
      <subfield code="a">/Users/marietho/Devel/Virtualenvs/rerodoc/src/rerodoc/rerodoc/testsuite/data/record/232424/files/PF1_2013_MP_EvardSahra.pdf</subfield>
      <subfield code="r"></subfield>
      <subfield code="d">Fichier principal</subfield>
      <subfield code="z">order:1</subfield>
      <subfield code="n">PF1_2013_MP_EvardSahra.pdf</subfield>
    </datafield>
  </record>