
  <record>
    <datafield tag="041" ind1="" ind2="">
      <subfield code="a">fre</subfield>
    </datafield>
    <datafield tag="080" ind1="" ind2="">
      <subfield code="a">37</subfield>
    </datafield>
    <datafield tag="100" ind1="" ind2="">
      <subfield code="a">Etienne, Alizée</subfield>
    </datafield>
    <datafield tag="245" ind1="" ind2="">
      <subfield code="a">Les premiers pas des élèves de première et deuxième Harmos dans le monde de l'écrit</subfield>
      <subfield code="9">fre</subfield>
    </datafield>
    <datafield tag="300" ind1="" ind2="">
      <subfield code="a">67 p.</subfield>
    </datafield>
    <datafield tag="500" ind1="" ind2="">
      <subfield code="a">Mémoire professionnel, Bachelor of Arts en enseignement pour les degrés préscolaire et primaire, Volée 2010-2013</subfield>
    </datafield>
    <datafield tag="502" ind1="" ind2="">
      <subfield code="a">Mémoire de bachelor : Haute école pédagogique BEJUNE, 2013</subfield>
      <subfield code="9">2013</subfield>
    </datafield>
    <datafield tag="520" ind1="" ind2="">
      <subfield code="a">L’entrée dans le monde de l’écrit est un passage élémentaire pour les jeunes enfants. Ils devront premièrement être motivés par ce nouvel apprentissage, puis construire un projet de lecteur et de scripteur, lié à leurs attentes. L’élève doit également percevoir le fonctionnement de l’écrit, ainsi que la culture présente autour de ce concept. Durant l’acquisition de l’écrit, les élèves progresseront en passant par différents stades : les stratégies logographiques, alphabétiques, puis orthographiques. Les cantons romands ont mis en place, à la rentrée 2012, un moyen d’enseignement de français, pour les deux premiers degrés du cycle 1. Il a été construit en se basant sur les directives du PER et de la CIIP. Trois situations-problèmes, définies par Saada-Robert, sont présentes dans le moyen : la lecture et écriture émergente provisoire, la dictée à l’adulte et le texte de référence. Les séquences proposées partent toutes d’un album de littérature jeunesse. Dans ma méthodologie, je me suis intéressée aux pratiques, liées au nouveau moyen d’enseignement, de six enseignantes du canton de Neuchâtel. J’ai pu constater que le moyen était attendu positivement de la part des enseignantes. D’une manière générale, les enseignantes sont satisfaites du moyen.</subfield>
      <subfield code="9">fre</subfield>
    </datafield>
    <datafield tag="695" ind1="" ind2="">
      <subfield code="a">Ecriture ; apprentissage</subfield>
      <subfield code="9">fre</subfield>
    </datafield>
    <datafield tag="700" ind1="" ind2="">
      <subfield code="a">Caravaggi, Giuliana</subfield>
      <subfield code="e">Dir.</subfield>
    </datafield>
    <datafield tag="919" ind1="" ind2="">
      <subfield code="a">Haute école pédagogique BEJUNE</subfield>
      <subfield code="b">Porrentruy</subfield>
      <subfield code="d">doc.support@rero.ch</subfield>
    </datafield>
    <datafield tag="980" ind1="" ind2="">
      <subfield code="a">DISSERTATION</subfield>
      <subfield code="b">HEPBEJUNE</subfield>
      <subfield code="f">DISS_BACHELOR</subfield>
    </datafield>
    <datafield tag="990" ind1="" ind2="">
      <subfield code="a">20141008121322-SK</subfield>
    </datafield>
    <datafield tag="FFT" ind1="" ind2="">
      <subfield code="a">/Users/marietho/Devel/Virtualenvs/rerodoc/src/rerodoc/rerodoc/testsuite/data/record/232423/files/PF1_2013_MP_EtienneAlizee.pdf</subfield>
      <subfield code="r"></subfield>
      <subfield code="d">Fichier principal</subfield>
      <subfield code="z">order:1</subfield>
      <subfield code="n">PF1_2013_MP_EtienneAlizee.pdf</subfield>
    </datafield>
  </record>