
  <record>
    <datafield tag="041" ind1="" ind2="">
      <subfield code="a">fre</subfield>
    </datafield>
    <datafield tag="080" ind1="" ind2="">
      <subfield code="a">37</subfield>
    </datafield>
    <datafield tag="100" ind1="" ind2="">
      <subfield code="a">Erard, Gaëlle</subfield>
    </datafield>
    <datafield tag="245" ind1="" ind2="">
      <subfield code="a">La différenciation et ses limites dans le cadre de l'enfant HPI</subfield>
      <subfield code="9">fre</subfield>
    </datafield>
    <datafield tag="300" ind1="" ind2="">
      <subfield code="a">76 p.</subfield>
    </datafield>
    <datafield tag="500" ind1="" ind2="">
      <subfield code="a">Mémoire professionnel, Bachelor of Arts en enseignement pour les degrés préscolaire et primaire, Volée 2010-2013</subfield>
    </datafield>
    <datafield tag="502" ind1="" ind2="">
      <subfield code="a">Mémoire de bachelor : Haute école pédagogique BEJUNE, 2013</subfield>
      <subfield code="9">2013</subfield>
    </datafield>
    <datafield tag="520" ind1="" ind2="">
      <subfield code="a">Dans ce mémoire de Bachelor, je vais m’intéresser aux enfants à haut potentiel intellectuel (HPI) ainsi qu’à la prise en compte de ces élèves. En effet, malgré une abondance de littératures autour des enfants HPI, le sujet est relativement mal connu. Ainsi, il faut savoir que le fait d’être HPI n’est pas une exception. Les chiffres varient d’une source à l’autre, mais nous pouvons considérer qu’il y a en moyenne un enfant HPI par classe. Que savent les enseignants de cette thématique puisque la plupart de ceux à qui je me suis adressée m’ont rétorqué qu’ils n’avaient jamais eu d’enfants HPI dans leur classe ? Que peut-on mettre ne place dans sa classe ou en dehors pour recevoir au mieux un enfant HPI et le guider dans ses apprentissages ? Quelle différenciation les enseignants mettent en place avec les enfants HPI ainsi qu’avec tous les élèves ? Qu’elles sont les facteurs limitant la mise en place de cette différenciation ?</subfield>
      <subfield code="9">fre</subfield>
    </datafield>
    <datafield tag="695" ind1="" ind2="">
      <subfield code="a">enfants à haut potentiel intellectuel ; différenciation ; conditions de
travail des enseignants ; échec scolaire et facilités scolaires.</subfield>
      <subfield code="9">fre</subfield>
    </datafield>
    <datafield tag="700" ind1="" ind2="">
      <subfield code="a">Jeanrenaud, Christian</subfield>
      <subfield code="e">Dir.</subfield>
    </datafield>
    <datafield tag="919" ind1="" ind2="">
      <subfield code="a">Haute école pédagogique BEJUNE</subfield>
      <subfield code="b">Porrentruy</subfield>
      <subfield code="d">doc.support@rero.ch</subfield>
    </datafield>
    <datafield tag="980" ind1="" ind2="">
      <subfield code="a">DISSERTATION</subfield>
      <subfield code="b">HEPBEJUNE</subfield>
      <subfield code="f">DISS_BACHELOR</subfield>
    </datafield>
    <datafield tag="990" ind1="" ind2="">
      <subfield code="a">20141008120805-ZS</subfield>
    </datafield>
    <datafield tag="FFT" ind1="" ind2="">
      <subfield code="a">/Users/marietho/Devel/Virtualenvs/rerodoc/src/rerodoc/rerodoc/testsuite/data/record/232422/files/PF1_2013_MP_ErardGaelle.pdf</subfield>
      <subfield code="r"></subfield>
      <subfield code="d">Fichier principal</subfield>
      <subfield code="z">order:1</subfield>
      <subfield code="n">PF1_2013_MP_ErardGaelle.pdf</subfield>
    </datafield>
  </record>