
  <record>
    <datafield tag="041" ind1="" ind2="">
      <subfield code="a">fre</subfield>
    </datafield>
    <datafield tag="080" ind1="" ind2="">
      <subfield code="a">37</subfield>
    </datafield>
    <datafield tag="100" ind1="" ind2="">
      <subfield code="a">Di Palo, Leticia</subfield>
    </datafield>
    <datafield tag="245" ind1="" ind2="">
      <subfield code="a">Une situation d’autoévaluation des compétences de l’élève</subfield>
      <subfield code="9">fre</subfield>
      <subfield code="b">perceptions et actions des enseignants</subfield>
    </datafield>
    <datafield tag="300" ind1="" ind2="">
      <subfield code="a">66 p.</subfield>
    </datafield>
    <datafield tag="500" ind1="" ind2="">
      <subfield code="a">Mémoire professionnel, Bachelor of Arts en enseignement pour les degrés préscolaire et primaire, Volée 2010-2013</subfield>
    </datafield>
    <datafield tag="502" ind1="" ind2="">
      <subfield code="a">Mémoire de bachelor : Haute école pédagogique BEJUNE, 2013</subfield>
      <subfield code="9">2013</subfield>
    </datafield>
    <datafield tag="520" ind1="" ind2="">
      <subfield code="a">Les curricula scolaires actuels du monde occidental tendent de plus en plus vers l’approche par compétences et la référence officielle de la Suisse, le Plan d’études romand (PER), en fait partie. Dans une approche par compétences, la place de l’autoévaluation peut prendre tout son sens. Autant pour l’enseignant que pour l’élève. A travers celle-ci, l’élève apprendra à s’autoévaluer, à porter un jugement sur les compétences qu’il a acquises, sur celles qu’il est en train de développer et sur ses lacunes. Il collaborera avec l’enseignant pour apprendre à gérer ses apprentissages, tout en prenant conscience de son évolution. Il s’agira dans ce mémoire de créer une situation d’autoévaluation pour l’élève, sous forme de cahier de suivi, qui engagerait l’enseignant et l’élève. Deux enseignantes du cycle I ont mené une activité proposée permettant de réaliser une autoévaluation des compétences chez les élèves. Les résultats ont montré qu’il était possible de mener une telle évaluation sous réserve de l’adapter au contexte de la classe, aux élèves et à l’enseignant. L’important est d’utiliser l’autoévaluation de manière réfléchie, en se posant les bonnes questions, quant à savoir, pourquoi nous décidons d’évaluer, comment nous évaluons et quels en sont les buts pour l’enseignant, ainsi que l’élève.</subfield>
      <subfield code="9">fre</subfield>
    </datafield>
    <datafield tag="695" ind1="" ind2="">
      <subfield code="a">Approche par compétences ; autoévaluation ; évaluation ; Plan d’études romand</subfield>
      <subfield code="9">fre</subfield>
    </datafield>
    <datafield tag="700" ind1="" ind2="">
      <subfield code="a">Giglio, Marcelo</subfield>
      <subfield code="e">Dir.</subfield>
    </datafield>
    <datafield tag="918" ind1="" ind2="">
      <subfield code="c">Formation préscolaire et primaire</subfield>
    </datafield>
    <datafield tag="919" ind1="" ind2="">
      <subfield code="a">Haute école pédagogique BEJUNE</subfield>
      <subfield code="b">Porrentruy</subfield>
      <subfield code="d">doc.support@rero.ch</subfield>
    </datafield>
    <datafield tag="980" ind1="" ind2="">
      <subfield code="a">DISSERTATION</subfield>
      <subfield code="b">HEPBEJUNE</subfield>
      <subfield code="f">DISS_BACHELOR</subfield>
    </datafield>
    <datafield tag="990" ind1="" ind2="">
      <subfield code="a">20141008120036-GU</subfield>
    </datafield>
    <datafield tag="FFT" ind1="" ind2="">
      <subfield code="a">/Users/marietho/Devel/Virtualenvs/rerodoc/src/rerodoc/rerodoc/testsuite/data/record/232421/files/PF1_2013_MP_DiPaloLeticia.pdf</subfield>
      <subfield code="r"></subfield>
      <subfield code="d">Fichier principal</subfield>
      <subfield code="z">order:1</subfield>
      <subfield code="n">PF1_2013_MP_DiPaloLeticia.pdf</subfield>
    </datafield>
  </record>