
  <record>
    <datafield tag="041" ind1="" ind2="">
      <subfield code="a">fre</subfield>
    </datafield>
    <datafield tag="080" ind1="" ind2="">
      <subfield code="a">37</subfield>
    </datafield>
    <datafield tag="100" ind1="" ind2="">
      <subfield code="a">Da Silva Romano, Taciana</subfield>
    </datafield>
    <datafield tag="245" ind1="" ind2="">
      <subfield code="a">Le débat philosophique au cycle 1, un mythe ?</subfield>
      <subfield code="9">fre</subfield>
    </datafield>
    <datafield tag="300" ind1="" ind2="">
      <subfield code="a">93 p.</subfield>
    </datafield>
    <datafield tag="500" ind1="" ind2="">
      <subfield code="a">Mémoire professionnel, Bachelor of Arts en enseignement pour les degrés préscolaire et primaire, Volée 2010-2013</subfield>
    </datafield>
    <datafield tag="502" ind1="" ind2="">
      <subfield code="a">Mémoire de bachelor : Haute école pédagogique BEJUNE, 2013</subfield>
      <subfield code="9">2013</subfield>
    </datafield>
    <datafield tag="520" ind1="" ind2="">
      <subfield code="a">Depuis plusieurs années déjà, on entend parler de débats à visée philosophique pratiqués avec des enfants. Qu’est-ce que la philosophie? Peut-on réellement l’enseigner à des élèves de l’école primaire? Dans mon cadre théorique, j’ai commencé par définir le concept de philosophie au sens large du terme, puis je me suis focalisée sur ce qu’est la philosophie à l’école primaire. Par la suite, j’ai inventorié différents discours d’auteurs; ceux qui soutiennent ce type de démarche et ceux qui n’en perçoivent pas l’intérêt ou qui y voient un certain nombre de limites. La question de recherche sur laquelle j’ai débouché, consistait à savoir si la pratique de débats à visée philosophique, avec des élèves du cycle 1, était au service de leur instruction et de leur développement. Malgré des limites dues à l’âge des élèves, à leur capacité de conceptualisation, d’après les enseignants interrogés et des observations menées, cette pratique aurait de nombreux avantages. En effet, en plus d’être un outil permettant d’acquérir des compétences transversales, moyennant un investissement considérable de l’enseignant, la pratique de débats à visée philosophique avec des élèves du cycle1 poursuit un objectif d’une plus grande ampleur. Il ressort de ce travail que cette pratique contribue à éduquer les élèves pour qu’ils puissent devenir des citoyens autonomes, responsables et critiques au sein de la société.</subfield>
      <subfield code="9">fre</subfield>
    </datafield>
    <datafield tag="695" ind1="" ind2="">
      <subfield code="a">Apprentissages transversaux ; bénéfices ; capacités ; limites ; réflexion</subfield>
      <subfield code="9">fre</subfield>
    </datafield>
    <datafield tag="700" ind1="" ind2="">
      <subfield code="a">Lehman, Rafaël</subfield>
      <subfield code="e">Dir.</subfield>
    </datafield>
    <datafield tag="919" ind1="" ind2="">
      <subfield code="a">Haute école pédagogique BEJUNE</subfield>
      <subfield code="b">Porrentruy</subfield>
      <subfield code="d">doc.support@rero.ch</subfield>
    </datafield>
    <datafield tag="980" ind1="" ind2="">
      <subfield code="a">DISSERTATION</subfield>
      <subfield code="b">HEPBEJUNE</subfield>
      <subfield code="f">DISS_BACHELOR</subfield>
    </datafield>
    <datafield tag="990" ind1="" ind2="">
      <subfield code="a">20141008115421-CZ</subfield>
    </datafield>
    <datafield tag="FFT" ind1="" ind2="">
      <subfield code="a">/Users/marietho/Devel/Virtualenvs/rerodoc/src/rerodoc/rerodoc/testsuite/data/record/232420/files/PF1_2013_MP_DaSilvaRomaoTaciana.pdf</subfield>
      <subfield code="r"></subfield>
      <subfield code="d">Fichier principal</subfield>
      <subfield code="z">order:1</subfield>
      <subfield code="n">PF1_2013_MP_DaSilvaRomaoTaciana.pdf</subfield>
    </datafield>
  </record>