
  <record>
    <datafield tag="041" ind1="" ind2="">
      <subfield code="a">fre</subfield>
    </datafield>
    <datafield tag="080" ind1="" ind2="">
      <subfield code="a">37</subfield>
    </datafield>
    <datafield tag="100" ind1="" ind2="">
      <subfield code="a">Chatton, Joanne</subfield>
    </datafield>
    <datafield tag="245" ind1="" ind2="">
      <subfield code="a">Le travail de groupe à l'école primaire</subfield>
      <subfield code="9">fre</subfield>
      <subfield code="b">pratiques enseignantes et enjeux</subfield>
    </datafield>
    <datafield tag="300" ind1="" ind2="">
      <subfield code="a">85 p.</subfield>
    </datafield>
    <datafield tag="500" ind1="" ind2="">
      <subfield code="a">Mémoire professionnel, Bachelor of Arts en enseignement pour les degrés préscolaire et primaire, Volée 2010-2013</subfield>
    </datafield>
    <datafield tag="502" ind1="" ind2="">
      <subfield code="a">Mémoire de bachelor : Haute école pédagogique BEJUNE, 2013</subfield>
      <subfield code="9">2013</subfield>
    </datafield>
    <datafield tag="520" ind1="" ind2="">
      <subfield code="a">Mon mémoire traite des enjeux des travaux de groupe et des différentes pratiques enseignantes. Mes lectures montrent que le travail de groupe existe depuis le XXème siècle et qu’il s’est mis en place dans nos classes au fil des années. D’après les livres lus, le travail de groupe doit être bien organisé et le rôle de l’enseignant est très important lors de ces travaux. J’ai interviewé plusieurs enseignants qui m’ont confirmé ces propos et qui ont diverses pratiques du travail de groupe. On constate que malgré cette diversité, tous sont d’accord pour dire que le travail coopératif avantage tous les élèves du point de vue social et permet aux élèves en difficulté scolairement de mieux comprendre par l’explication d’un pair. La variation de la formation des groupes ainsi que de l’organisation du travail permet aux élèves de développer des compétences sociales nécessaires à leur vie future. D’après les enseignants interrogés, le travail de groupe est indispensable en classe et peut se faire lors de chaque discipline. Les objectifs sociaux que l’on vise sont dans la transdisciplinarité et peuvent se travailler à tout moment. L’évaluation est toutefois difficile pour ce qui est des apprentissages, mais il est toutefois important de faire une mise en commun suite à un travail de groupe.</subfield>
      <subfield code="9">fre</subfield>
    </datafield>
    <datafield tag="695" ind1="" ind2="">
      <subfield code="a">Rôle de l’enseignant ; explication d’un pair ; formation des groupes ; objectifs sociaux ; transdisciplinarité</subfield>
      <subfield code="9">fre</subfield>
    </datafield>
    <datafield tag="700" ind1="" ind2="">
      <subfield code="a">Zumwald, Jean-Claude</subfield>
      <subfield code="e">Dir.</subfield>
    </datafield>
    <datafield tag="918" ind1="" ind2="">
      <subfield code="c">Formation préscolaire et primaire</subfield>
    </datafield>
    <datafield tag="919" ind1="" ind2="">
      <subfield code="a">Haute école pédagogique BEJUNE</subfield>
      <subfield code="b">Porrentruy</subfield>
      <subfield code="d">doc.support@rero.ch</subfield>
    </datafield>
    <datafield tag="980" ind1="" ind2="">
      <subfield code="a">DISSERTATION</subfield>
      <subfield code="b">HEPBEJUNE</subfield>
      <subfield code="f">DISS_BACHELOR</subfield>
    </datafield>
    <datafield tag="990" ind1="" ind2="">
      <subfield code="a">20141008114740-AF</subfield>
    </datafield>
    <datafield tag="FFT" ind1="" ind2="">
      <subfield code="a">/Users/marietho/Devel/Virtualenvs/rerodoc/src/rerodoc/rerodoc/testsuite/data/record/232419/files/PF1_2013_MP_ChattonJoanne.pdf</subfield>
      <subfield code="r"></subfield>
      <subfield code="d">Fichier principal</subfield>
      <subfield code="z">order:1</subfield>
      <subfield code="n">PF1_2013_MP_ChattonJoanne.pdf</subfield>
    </datafield>
  </record>