
  <record>
    <datafield tag="035" ind1="" ind2="">
      <subfield code="a">R007902548</subfield>
    </datafield>
    <datafield tag="041" ind1="" ind2="">
      <subfield code="a">fre</subfield>
    </datafield>
    <datafield tag="080" ind1="" ind2="">
      <subfield code="a">616-083</subfield>
    </datafield>
    <datafield tag="100" ind1="" ind2="">
      <subfield code="a">Héritier, Brinda</subfield>
    </datafield>
    <datafield tag="245" ind1="" ind2="">
      <subfield code="a">La capacité d'adaptation des enfants et adolescents ayant un parent souffrant d'un trouble de l'humeur</subfield>
      <subfield code="9">fre</subfield>
      <subfield code="b">travail de Bachelor</subfield>
    </datafield>
    <datafield tag="300" ind1="" ind2="">
      <subfield code="a">136 f.</subfield>
    </datafield>
    <datafield tag="502" ind1="" ind2="">
      <subfield code="a">Mémoire de bachelor : Haute école de santé Genève, 2014</subfield>
      <subfield code="9">2014</subfield>
    </datafield>
    <datafield tag="520" ind1="" ind2="">
      <subfield code="a">Contexte : Au niveau mondial, l’augmentation épidémiologique des troubles de l’humeur impose aux sociétés la nécessité d’une prise de conscience des politiques de santé publique. Les enfants ayant un parent atteint d’un trouble de l’humeur sont des sujets fragiles et parfois oubliés des services de santé. Question de recherche : Cette recherche s’inscrit dans la problématique de santé mentale actuelle. L’objectif de cette revue de la littérature est de comprendre comment les enfants et les adolescents s'adaptent à un environnement familial perturbé par le trouble de l’humeur d’un parent. Cadre théorique : La capacité d'adaptation, développée par la théorie infirmière de Callista Roy, est le concept central. Ce modèle explique les interactions de l’enfant avec son environnement et l’émergence de ses capacités d’adaptation, apportant une vision globale dans le processus d’accompagnement. L’enfant sain coexiste avec le trouble de l’humeur du parent en développant des stratégies d’adaptation. Méthode : Une recension de 29 articles publiés entre 2002 et 2013, a permis l’émergence de thèmes récurrents. Discussion : Les résultats mettent en lumière les ressources de l’enfant mais également les difficultés rencontrées. Au sein d’un environnement stressant, l’enfant ressent des émotions négatives engendrant des répercussions psychosomatiques. Malgré une perturbation des rôles, il maintient un équilibre familial et social. La gestion du trouble de l’humeur du parent favorise l’acquisition de compétences et influence les stratégies adaptatives de l’enfant. Perspectives : Les actions infirmières s’axeraient sur des interventions décentralisées de l’hôpital afin d’interpeler l’enfant dans la communauté. Des programmes de prévention et de promotion de la santé à l’attention des professionnels, de l’Etat et de la population, pourraient être envisagés afin de prévenir les complications induites par cette maladie psychique.</subfield>
      <subfield code="9">fre</subfield>
    </datafield>
    <datafield tag="600" ind1="" ind2="">
      <subfield code="9">650_7</subfield>
      <subfield code="a">Adaptation (psychologie)</subfield>
      <subfield code="2">rero</subfield>
    </datafield>
    <datafield tag="600" ind1="" ind2="">
      <subfield code="9">650_7</subfield>
      <subfield code="a">Parents</subfield>
      <subfield code="2">rero</subfield>
    </datafield>
    <datafield tag="600" ind1="" ind2="">
      <subfield code="9">650_7</subfield>
      <subfield code="a">Troubles affectifs</subfield>
      <subfield code="2">rero</subfield>
    </datafield>
    <datafield tag="600" ind1="" ind2="">
      <subfield code="9">650_7</subfield>
      <subfield code="a">Enfants</subfield>
      <subfield code="2">rero</subfield>
    </datafield>
    <datafield tag="600" ind1="" ind2="">
      <subfield code="9">650_7</subfield>
      <subfield code="a">Ajustement (psychologie)</subfield>
      <subfield code="2">rero</subfield>
    </datafield>
    <datafield tag="695" ind1="" ind2="">
      <subfield code="a">Enfants ; Parents ; Trouble de l'humeur ; Adaptation ; Coping</subfield>
      <subfield code="9">fre</subfield>
    </datafield>
    <datafield tag="695" ind1="" ind2="">
      <subfield code="a">Children ; Parents ; Mood disorder ; Adaptation ; Coping</subfield>
      <subfield code="9">eng</subfield>
    </datafield>
    <datafield tag="700" ind1="" ind2="">
      <subfield code="a">Jacovino, Claudia</subfield>
    </datafield>
    <datafield tag="700" ind1="" ind2="">
      <subfield code="a">Miguelez, Vanessa</subfield>
    </datafield>
    <datafield tag="700" ind1="" ind2="">
      <subfield code="a">Rosa, Lindsay</subfield>
    </datafield>
    <datafield tag="700" ind1="" ind2="">
      <subfield code="a">Coulon, Delphine</subfield>
      <subfield code="e">Dir.</subfield>
    </datafield>
    <datafield tag="919" ind1="" ind2="">
      <subfield code="a">Haute école de santé Genève</subfield>
      <subfield code="b">Genève</subfield>
      <subfield code="d">doc.support@rero.ch</subfield>
    </datafield>
    <datafield tag="980" ind1="" ind2="">
      <subfield code="a">DISSERTATION</subfield>
      <subfield code="b">HEDSGE</subfield>
      <subfield code="f">DISS_BACHELOR</subfield>
    </datafield>
    <datafield tag="990" ind1="" ind2="">
      <subfield code="a">20141008114217-AJ</subfield>
    </datafield>
    <datafield tag="FFT" ind1="" ind2="">
      <subfield code="a">/Users/marietho/Devel/Virtualenvs/rerodoc/src/rerodoc/rerodoc/testsuite/data/record/232418/files/TB_final.pdf</subfield>
      <subfield code="r"></subfield>
      <subfield code="d">Texte intégral</subfield>
      <subfield code="z">order:1</subfield>
      <subfield code="n">TB_final.pdf</subfield>
    </datafield>
  </record>