
  <record>
    <datafield tag="041" ind1="" ind2="">
      <subfield code="a">fre</subfield>
    </datafield>
    <datafield tag="080" ind1="" ind2="">
      <subfield code="a">37</subfield>
    </datafield>
    <datafield tag="100" ind1="" ind2="">
      <subfield code="a">Burri, Aurélie</subfield>
    </datafield>
    <datafield tag="245" ind1="" ind2="">
      <subfield code="a">Réseaux sociaux, discussions instantanées, jeux en ligne; quel temps reste-t-il pour les devoirs ?</subfield>
      <subfield code="9">fre</subfield>
    </datafield>
    <datafield tag="300" ind1="" ind2="">
      <subfield code="a">92 p.</subfield>
    </datafield>
    <datafield tag="500" ind1="" ind2="">
      <subfield code="a">Mémoire professionnel, Bachelor of Arts en enseignement pour les degrés préscolaire et primaire, Volée 2010-2013</subfield>
    </datafield>
    <datafield tag="502" ind1="" ind2="">
      <subfield code="a">Mémoire de bachelor : Haute école pédagogique BEJUNE, 2013</subfield>
      <subfield code="9">2013</subfield>
    </datafield>
    <datafield tag="520" ind1="" ind2="">
      <subfield code="a">Les outils de communication modernes occupent une place prépondérante au sein de notre société. Nos élèves sont aussi touchés par ce phénomène et ils engagent un temps considérable dans ces outils. Quels sont ces outils de communication ? Qui les utilisent ? Combien de temps passent-ils sur ces outils ? Qu’y font-ils ? Afin de répondre à ces questions, j’ai commencé par m’informer sur le sujet. Puis ayant acquis un certain bagage, j’ai mené une recherche pratique au sein de deux classes. J’ai distribué des questionnaires à ces élèves puis je les ai privés de tout outil durant une semaine. Après cela, j’ai redistribué un questionnaire afin de comparer leur attitude face aux outils de communication avant, et après avoir été privés de ces outils. Cette recherche a été très intéressante. Elle m’a permis de trouver les réponses à mes interrogations.</subfield>
      <subfield code="9">fre</subfield>
    </datafield>
    <datafield tag="695" ind1="" ind2="">
      <subfield code="a">Réseaux sociaux ; discussions instantanées ; jeux en ligne ; devoirs ; dépendance</subfield>
      <subfield code="9">fre</subfield>
    </datafield>
    <datafield tag="700" ind1="" ind2="">
      <subfield code="a">Vallat, Pierre-Olivier</subfield>
      <subfield code="e">Dir.</subfield>
    </datafield>
    <datafield tag="919" ind1="" ind2="">
      <subfield code="a">Haute école pédagogique BEJUNE</subfield>
      <subfield code="b">Porrentruy</subfield>
      <subfield code="d">doc.support@rero.ch</subfield>
    </datafield>
    <datafield tag="980" ind1="" ind2="">
      <subfield code="a">DISSERTATION</subfield>
      <subfield code="b">HEPBEJUNE</subfield>
      <subfield code="f">DISS_BACHELOR</subfield>
    </datafield>
    <datafield tag="990" ind1="" ind2="">
      <subfield code="a">20141008113402-AA</subfield>
    </datafield>
    <datafield tag="FFT" ind1="" ind2="">
      <subfield code="a">/Users/marietho/Devel/Virtualenvs/rerodoc/src/rerodoc/rerodoc/testsuite/data/record/232417/files/PF1_2013_MP_BurriAurelie.pdf</subfield>
      <subfield code="r"></subfield>
      <subfield code="d">Fichier principal</subfield>
      <subfield code="z">order:1</subfield>
      <subfield code="n">PF1_2013_MP_BurriAurelie.pdf</subfield>
    </datafield>
  </record>