
  <record>
    <datafield tag="041" ind1="" ind2="">
      <subfield code="a">fre</subfield>
    </datafield>
    <datafield tag="080" ind1="" ind2="">
      <subfield code="a">37</subfield>
    </datafield>
    <datafield tag="100" ind1="" ind2="">
      <subfield code="a">Brahier, Elodie</subfield>
    </datafield>
    <datafield tag="245" ind1="" ind2="">
      <subfield code="a">L'enfant à haut potentiel intellectuel : regards croisés sur la dimension cognitive</subfield>
      <subfield code="9">fre</subfield>
    </datafield>
    <datafield tag="300" ind1="" ind2="">
      <subfield code="a">57 p.</subfield>
    </datafield>
    <datafield tag="500" ind1="" ind2="">
      <subfield code="a">Mémoire professionnel, Bachelor of Arts en enseignement pour les degrés préscolaire et primaire, Volée 2010-2013</subfield>
    </datafield>
    <datafield tag="502" ind1="" ind2="">
      <subfield code="a">Mémoire de bachelor : Haute école pédagogique BEJUNE, 2013</subfield>
      <subfield code="9">2013</subfield>
    </datafield>
    <datafield tag="520" ind1="" ind2="">
      <subfield code="a">Ce travail traite des élèves à haut potentiel intellectuel (HPI) dans les classes régulières de l’école primaire. Ces enfants singuliers éprouvent également des difficultés sur le plan cognitif. Je m’intéresse donc particulièrement aux attentes de l’enseignant, des parents, de l’élève lui-même et de l’autorité scolaire selon un regard croisé. Tout d’abord, je tente de définir l’enfant HPI. Je tente ensuite de dresser un portrait de ces élèves en me penchant sur ce qu’est un test de QI et à quoi il sert, ainsi que sur la manière de réfléchir et les difficultés de ces enfants. Puis, je m’interroge sur le rôle de l’enseignant, la prise en compte de l’élève et les mesures d’aide mises en place par cet acteur. Ma problématique porte sur les attentes de chaque acteur précité, car selon mon hypothèse principale, elles diffèrent. Afin de vérifier cette hypothèse, j’ai recueilli mes données par questionnaires et entretien, dans une perspective qualitative. En conclusion, les attentes ne divergent pas clairement, mais il se pose le problème de la collaboration entre les différents acteurs, qui selon mes conclusions, n’est pas adéquate pour l’instant, dans de nombreux cas.</subfield>
      <subfield code="9">fre</subfield>
    </datafield>
    <datafield tag="695" ind1="" ind2="">
      <subfield code="a">Haut potentiel intellectuel ; mode de pensée et difficultés, attentes, collaboration famille-école ; différenciation</subfield>
      <subfield code="9">fre</subfield>
    </datafield>
    <datafield tag="700" ind1="" ind2="">
      <subfield code="a">Schertenleib, Georges-Alain</subfield>
      <subfield code="e">Dir.</subfield>
    </datafield>
    <datafield tag="919" ind1="" ind2="">
      <subfield code="a">Haute école pédagogique BEJUNE</subfield>
      <subfield code="b">Porrentruy</subfield>
      <subfield code="d">doc.support@rero.ch</subfield>
    </datafield>
    <datafield tag="980" ind1="" ind2="">
      <subfield code="a">DISSERTATION</subfield>
      <subfield code="b">HEPBEJUNE</subfield>
      <subfield code="f">DISS_BACHELOR</subfield>
    </datafield>
    <datafield tag="990" ind1="" ind2="">
      <subfield code="a">20141008105841-YD</subfield>
    </datafield>
    <datafield tag="FFT" ind1="" ind2="">
      <subfield code="a">/Users/marietho/Devel/Virtualenvs/rerodoc/src/rerodoc/rerodoc/testsuite/data/record/232416/files/PF1_2013_MP_BrahierElodie_.pdf</subfield>
      <subfield code="r"></subfield>
      <subfield code="d">Fichier principal</subfield>
      <subfield code="z">order:1</subfield>
      <subfield code="n">PF1_2013_MP_BrahierElodie_.pdf</subfield>
    </datafield>
  </record>