
  <record>
    <datafield tag="035" ind1="" ind2="">
      <subfield code="a">R007902487</subfield>
    </datafield>
    <datafield tag="041" ind1="" ind2="">
      <subfield code="a">fre</subfield>
    </datafield>
    <datafield tag="080" ind1="" ind2="">
      <subfield code="a">616-083</subfield>
    </datafield>
    <datafield tag="100" ind1="" ind2="">
      <subfield code="a">Chenevard, Diane-Kelly</subfield>
    </datafield>
    <datafield tag="245" ind1="" ind2="">
      <subfield code="a">Stratégies de coping et dynamique d'équipe</subfield>
      <subfield code="9">fre</subfield>
      <subfield code="b">travail de Bachelor</subfield>
    </datafield>
    <datafield tag="300" ind1="" ind2="">
      <subfield code="a">80 f.</subfield>
    </datafield>
    <datafield tag="502" ind1="" ind2="">
      <subfield code="a">Mémoire de bachelor : Haute école de santé Genève, 2014</subfield>
      <subfield code="9">2014</subfield>
    </datafield>
    <datafield tag="520" ind1="" ind2="">
      <subfield code="a">Ce travail de Bachelor est une revue de la littérature qui a pour but de montrer les répercussions de la dynamique de groupe sur la qualité des soins. Il démontre l’importance de la satisfaction au travail, la nécessité de la communication au sein d’une équipe, et le rôle majeur de la hiérarchie pour le bien être des professionnels soignants. L’issue de ce travail insiste sur la coresponsabilité de chacun et les stratégies de coping finalement propres à chaque personnalité. C’est au regard des modes de l’interdépendance et des fonctions de rôle selon Roy, que ces différentes stratégies de coping ont été discutées. Une atmosphère propice à l’entre aide, favorisant la confiance dans l’unité de soins, et des entretiens d’évaluation réguliers pertinents par la hierarchie permettent de prévenir l’épuisement professionnel, et favorise la dynamique d’équipe.</subfield>
      <subfield code="9">fre</subfield>
    </datafield>
    <datafield tag="600" ind1="" ind2="">
      <subfield code="9">650_7</subfield>
      <subfield code="a">Groupes, Dynamique des</subfield>
      <subfield code="2">rero</subfield>
    </datafield>
    <datafield tag="600" ind1="" ind2="">
      <subfield code="9">650_7</subfield>
      <subfield code="a">Ajustement (psychologie)</subfield>
      <subfield code="2">rero</subfield>
    </datafield>
    <datafield tag="600" ind1="" ind2="">
      <subfield code="9">650_7</subfield>
      <subfield code="a">Communication</subfield>
      <subfield code="2">rero</subfield>
    </datafield>
    <datafield tag="600" ind1="" ind2="">
      <subfield code="9">650_7</subfield>
      <subfield code="a">Qualité</subfield>
      <subfield code="2">rero</subfield>
    </datafield>
    <datafield tag="600" ind1="" ind2="">
      <subfield code="9">650_7</subfield>
      <subfield code="a">Soins infirmiers</subfield>
      <subfield code="2">rero</subfield>
    </datafield>
    <datafield tag="600" ind1="" ind2="">
      <subfield code="9">650_7</subfield>
      <subfield code="a">Relations professionnelles</subfield>
      <subfield code="2">rero</subfield>
    </datafield>
    <datafield tag="695" ind1="" ind2="">
      <subfield code="a">Coping ; Dynamique d'équipe ; Soins infirmiers ; Interdépendance ; Fonction de rôle</subfield>
      <subfield code="9">fre</subfield>
    </datafield>
    <datafield tag="695" ind1="" ind2="">
      <subfield code="a">Coping ; Team dynamic ; Nursing ; Interdependence ; Role fonction</subfield>
      <subfield code="9">eng</subfield>
    </datafield>
    <datafield tag="700" ind1="" ind2="">
      <subfield code="a">Demierre, Marion</subfield>
    </datafield>
    <datafield tag="700" ind1="" ind2="">
      <subfield code="a">Chatelain, Brigitte</subfield>
      <subfield code="e">Dir.</subfield>
    </datafield>
    <datafield tag="918" ind1="" ind2="">
      <subfield code="a">Haute école de santé Genève</subfield>
      <subfield code="b">Avenue de Champel 47, 1906 Genève</subfield>
    </datafield>
    <datafield tag="919" ind1="" ind2="">
      <subfield code="a">Haute école de santé Genève</subfield>
      <subfield code="b">Genève</subfield>
      <subfield code="d">doc.support@rero.ch</subfield>
    </datafield>
    <datafield tag="980" ind1="" ind2="">
      <subfield code="a">DISSERTATION</subfield>
      <subfield code="b">HEDSGE</subfield>
      <subfield code="f">DISS_BACHELOR</subfield>
    </datafield>
    <datafield tag="990" ind1="" ind2="">
      <subfield code="a">20141008111608-KC</subfield>
    </datafield>
    <datafield tag="FFT" ind1="" ind2="">
      <subfield code="a">/Users/marietho/Devel/Virtualenvs/rerodoc/src/rerodoc/rerodoc/testsuite/data/record/232414/files/Travail_de_bachelor.pdf</subfield>
      <subfield code="r"></subfield>
      <subfield code="d">Texte intégral</subfield>
      <subfield code="z">order:1</subfield>
      <subfield code="n">Travail_de_bachelor.pdf</subfield>
    </datafield>
  </record>