
  <record>
    <datafield tag="024" ind1="7" ind2="">
      <subfield code="a">urn:nbn:ch:rero-004-113256</subfield>
      <subfield code="2">urn</subfield>
    </datafield>
    <datafield tag="041" ind1="" ind2="">
      <subfield code="a">fre</subfield>
    </datafield>
    <datafield tag="080" ind1="" ind2="">
      <subfield code="a">81</subfield>
    </datafield>
    <datafield tag="100" ind1="" ind2="">
      <subfield code="a">Jullien, Stéphane</subfield>
    </datafield>
    <datafield tag="245" ind1="" ind2="">
      <subfield code="a">Syntaxe et dialogue</subfield>
      <subfield code="9">fre</subfield>
      <subfield code="b">les configurations syntaxiques impliquant "il y a"</subfield>
    </datafield>
    <datafield tag="300" ind1="" ind2="">
      <subfield code="a">539 p.</subfield>
    </datafield>
    <datafield tag="502" ind1="" ind2="">
      <subfield code="a">Thèse de doctorat : Université de Neuchâtel, 2014</subfield>
      <subfield code="9">2014</subfield>
    </datafield>
    <datafield tag="506" ind1="" ind2="">
      <subfield code="f">free</subfield>
    </datafield>
    <datafield tag="520" ind1="" ind2="">
      <subfield code="a">Cette recherche se propose d’étudier les configurations syntaxiques impliquant le présentatif &lt;i&gt;il y a&lt;/i&gt;. Une de ces constructions, la construction présentative clivée en &lt;i&gt;il y a&lt;/i&gt; (&lt;i&gt;il y a un cygne qu’a mordu les fesses à mon grand papa&lt;/i&gt;) est bien documentée (Lambrecht, 1988, 2002). Le segment [&lt;i&gt;il y a SN&lt;/i&gt;] peut faire partie d’un large éventail de configurations syntaxiques, abordées principalement du point de vue de la syntaxe, de la sémantique ou de la structure informationnelle (Cappeau, Deulofeu, 2001, Berrendonner, 2003). Très peu de recherches rendent compte de ces configurations en interaction. Selon la Linguistique Interactionnelle (Ochs et al., 1996, Ono, Thompson, 1996, Helasvuo, 2004), les productions langagières et la syntaxe sont configurées pas à pas au fil de l’alternance des tours de parole et des activités réalisées par les participants au cours de l’échange. Dans le même temps, dans cette perspective, les unités linguistiques détiennent un rôle dans l’accomplissement de ces activités. Une analyse séquentielle de ces configurations syntaxiques illustre comment, à la suite du segment [&lt;i&gt;il y a SN&lt;/i&gt;] et en fonction des activités en cours, les participants de l’échange s’orientent vers la poursuite du tour de parole du locuteur avec une proposition relative, comme pour la présentative clivée, ou en entrant dans une séquence conversationnelle plus large, comme la construction d’une liste. La fin du segment [&lt;i&gt;il y a SN&lt;/i&gt;] se révèle être un emplacement séquentiel dans lequel les autres participants de l’échange peuvent commenter le discours en cours, proposer des ajouts – des expansions ou des complétions – ou un simple continuateur, montrant ainsi qu’ils s’orientent eux aussi vers la réalisation de cette séquence conversationnelle. Tout en permettant au locuteur de prolonger son tour de parole en projetant la réalisation d’une unité de construction de tour composée (Lerner, 1991, 1996), le segment [&lt;i&gt;il y a SN&lt;/i&gt;], en fonction de l’activité en cours et de son contour prosodique, peut participer à des initiations de clôture de séquence. Notre analyse porte sur des interactions entre adultes et entre adultes et enfants présentant ou non un trouble spécifique du développement du langage (Leonard, 2000). L’étude de ces interactions souligne la nature collaborative du langage au travers de l’étayage que peut proposer l’adulte à l’enfant (Bruner, 1983) et apporte un autre regard sur le déploiement de ces configurations syntaxiques dans l’alternance des tours de parole.</subfield>
      <subfield code="9">fre</subfield>
    </datafield>
    <datafield tag="695" ind1="" ind2="">
      <subfield code="a">linguistique interactionnelle ; présentatif il y a ; langage de l’enfant ; troubles du langage</subfield>
      <subfield code="9">fre</subfield>
    </datafield>
    <datafield tag="700" ind1="" ind2="">
      <subfield code="a">Pekarek Doehler, Simona</subfield>
      <subfield code="e">Dir.</subfield>
    </datafield>
    <datafield tag="700" ind1="" ind2="">
      <subfield code="a">Weck, Geneviève de</subfield>
      <subfield code="e">Codir.</subfield>
    </datafield>
    <datafield tag="700" ind1="" ind2="">
      <subfield code="a">Hudelot, Christian</subfield>
      <subfield code="e">Codir.</subfield>
    </datafield>
    <datafield tag="700" ind1="" ind2="">
      <subfield code="a">Kern, Sophie</subfield>
      <subfield code="e">Codir.</subfield>
    </datafield>
    <datafield tag="700" ind1="" ind2="">
      <subfield code="a">Salazar Orvig, Anne</subfield>
      <subfield code="e">Codir.</subfield>
    </datafield>
    <datafield tag="700" ind1="" ind2="">
      <subfield code="a">Wells, Bill</subfield>
      <subfield code="e">Codir.</subfield>
    </datafield>
    <datafield tag="918" ind1="" ind2="">
      <subfield code="a">Faculté des lettres et sciences humaines</subfield>
      <subfield code="c">Institut des sciences de langage et de la communication</subfield>
      <subfield code="b">Espace Louis-Agassiz 1, 2001 Neuchâtel</subfield>
    </datafield>
    <datafield tag="919" ind1="" ind2="">
      <subfield code="a">Université de Neuchâtel</subfield>
      <subfield code="b">Neuchâtel</subfield>
      <subfield code="d">doc.support@rero.ch</subfield>
    </datafield>
    <datafield tag="980" ind1="" ind2="">
      <subfield code="a">THESIS</subfield>
      <subfield code="b">UNINE</subfield>
      <subfield code="f">TH_PHD</subfield>
    </datafield>
    <datafield tag="990" ind1="" ind2="">
      <subfield code="a">20141008084157-YI</subfield>
    </datafield>
    <datafield tag="FFT" ind1="" ind2="">
      <subfield code="a">/Users/marietho/Devel/Virtualenvs/rerodoc/src/rerodoc/rerodoc/testsuite/data/record/232413/files/00002422.pdf</subfield>
      <subfield code="r"></subfield>
      <subfield code="d">Texte intégral</subfield>
      <subfield code="z">order:1</subfield>
      <subfield code="n">00002422.pdf</subfield>
    </datafield>
  </record>