
  <record>
    <datafield tag="035" ind1="" ind2="">
      <subfield code="a">R007902336</subfield>
    </datafield>
    <datafield tag="041" ind1="" ind2="">
      <subfield code="a">eng</subfield>
    </datafield>
    <datafield tag="080" ind1="" ind2="">
      <subfield code="a">55/56</subfield>
    </datafield>
    <datafield tag="100" ind1="" ind2="">
      <subfield code="a">Carballido, José L.</subfield>
    </datafield>
    <datafield tag="245" ind1="" ind2="">
      <subfield code="a">Postcranial axial skeleton of europasaurus holgeri (dinosauria, sauropoda) from the Upper Jurassic of Germany</subfield>
      <subfield code="9">eng</subfield>
      <subfield code="b">implications for sauropod ontogeny and phylogenetic relationships of basal Macronaria</subfield>
    </datafield>
    <datafield tag="269" ind1="" ind2="">
      <subfield code="c">2013</subfield>
    </datafield>
    <datafield tag="600" ind1="" ind2="">
      <subfield code="9">650_7</subfield>
      <subfield code="a">Saurischiens</subfield>
      <subfield code="2">rero</subfield>
    </datafield>
    <datafield tag="600" ind1="" ind2="">
      <subfield code="9">650_7</subfield>
      <subfield code="a">Morphologie des animaux</subfield>
      <subfield code="2">rero</subfield>
    </datafield>
    <datafield tag="600" ind1="" ind2="">
      <subfield code="9">650_7</subfield>
      <subfield code="a">Squelette</subfield>
      <subfield code="2">rero</subfield>
    </datafield>
    <datafield tag="600" ind1="" ind2="">
      <subfield code="9">650_7</subfield>
      <subfield code="a">Ontogenèse</subfield>
      <subfield code="2">rero</subfield>
    </datafield>
    <datafield tag="600" ind1="" ind2="">
      <subfield code="9">650_7</subfield>
      <subfield code="a">Différences entre sexes</subfield>
      <subfield code="2">rero</subfield>
    </datafield>
    <datafield tag="600" ind1="" ind2="">
      <subfield code="9">650_7</subfield>
      <subfield code="a">Phylogénie</subfield>
      <subfield code="2">rero</subfield>
    </datafield>
    <datafield tag="600" ind1="" ind2="">
      <subfield code="9">650_7</subfield>
      <subfield code="a">Paléozoologie</subfield>
      <subfield code="2">rero</subfield>
    </datafield>
    <datafield tag="600" ind1="" ind2="">
      <subfield code="9">650_7</subfield>
      <subfield code="a">Jurassique supérieur</subfield>
      <subfield code="2">rero</subfield>
    </datafield>
    <datafield tag="600" ind1="" ind2="">
      <subfield code="9">651_7</subfield>
      <subfield code="a">Allemagne</subfield>
      <subfield code="2">rero</subfield>
    </datafield>
    <datafield tag="700" ind1="" ind2="">
      <subfield code="a">Sander, P. Martin</subfield>
    </datafield>
    <datafield tag="773" ind1="" ind2="">
      <subfield code="t">Journal of systematic palaeontology</subfield>
      <subfield code="g">2013///1-53</subfield>
      <subfield code="d">Taylor &amp; Francis</subfield>
    </datafield>
    <datafield tag="919" ind1="" ind2="">
      <subfield code="a">Bibliothèque cantonale jurassienne</subfield>
      <subfield code="b">Porrentruy</subfield>
      <subfield code="d">doc.support@rero.ch</subfield>
    </datafield>
    <datafield tag="980" ind1="" ind2="">
      <subfield code="a">POSTPRINT</subfield>
      <subfield code="b">BICJ</subfield>
      <subfield code="f">ART_JOURNAL</subfield>
    </datafield>
    <datafield tag="982" ind1="" ind2="">
      <subfield code="a">Collection Paléontologie Jura</subfield>
    </datafield>
    <datafield tag="990" ind1="" ind2="">
      <subfield code="a">20141008104754-IG</subfield>
    </datafield>
    <datafield tag="FFT" ind1="" ind2="">
      <subfield code="a">/Users/marietho/Devel/Virtualenvs/rerodoc/src/rerodoc/rerodoc/testsuite/data/record/232412/files/PAL_E4080.pdf</subfield>
      <subfield code="r"></subfield>
      <subfield code="d">Texte intégral</subfield>
      <subfield code="z">order:1</subfield>
      <subfield code="n">PAL_E4080.pdf</subfield>
    </datafield>
  </record>