
  <record>
    <datafield tag="041" ind1="" ind2="">
      <subfield code="a">fre</subfield>
    </datafield>
    <datafield tag="080" ind1="" ind2="">
      <subfield code="a">376</subfield>
    </datafield>
    <datafield tag="100" ind1="" ind2="">
      <subfield code="a">Wälti</subfield>
      <subfield code="u">Zlatna</subfield>
    </datafield>
    <datafield tag="245" ind1="" ind2="">
      <subfield code="a">Favoriser l'estime de soi, communiquer et imaginer avec les contes de randonnées</subfield>
      <subfield code="9">fre</subfield>
    </datafield>
    <datafield tag="300" ind1="" ind2="">
      <subfield code="a">67 p.</subfield>
    </datafield>
    <datafield tag="500" ind1="" ind2="">
      <subfield code="a">Mémoire professionnel, Master of Arts (MA) in Special Needs Education, orientation "enseignement spécialisé", Volée 2010-2013</subfield>
    </datafield>
    <datafield tag="502" ind1="" ind2="">
      <subfield code="a">Mémoire de master : Haute école pédagogique BEJUNE, 2013</subfield>
      <subfield code="9">2013</subfield>
    </datafield>
    <datafield tag="520" ind1="" ind2="">
      <subfield code="a">Dans le présent travail, un dispositif de théâtre sur le banc permettant de raconter des contes de randonnées avec des élèves de première, deuxième Harmos ayant des troubles du langage et de la communication a été mis en place. Suite à l'analyse des résultats, certains éléments ont pu être mis en évidence. Au travers de l'expérience commune véhiculée par le conte, les enfants ont pu créer du lien non seulement entre eux, mais également avec d'autres espaces tels que les lieux thérapeutiques ou les familles. Des aspects relatifs à la cohésion du groupe ont également été relevés, car même avec peu de ressources langagières, les élèves ont pu grâce à ces histoires connues de tous trouver des sujets de conversation favorisant ainsi des moments d'échanges riches. Le rôle et la place de l'adulte a également été observé, le regard que l'enseignant et les parents posent sur les enfants a un effet déterminant sur leur réussite et l'estime qu'ils ont d'eux-mêmes. Pouvoir faire confiance aux élèves, faire confiance en leurs capacités avec bienveillance c'est leur laisser la liberté de devenir compétents et d'éveiller chez eux le désir d'inventer, d'explorer et de trouver la motivation d'aller plus loin.</subfield>
      <subfield code="9">fre</subfield>
    </datafield>
    <datafield tag="695" ind1="" ind2="">
      <subfield code="a">Enfants conteurs ; contes de randonnées ; estime de soi ; accès à l'imaginaire ; communication</subfield>
      <subfield code="9">fre</subfield>
    </datafield>
    <datafield tag="700" ind1="" ind2="">
      <subfield code="a">Arcidiacono, Francesco</subfield>
      <subfield code="e">Dir.</subfield>
    </datafield>
    <datafield tag="919" ind1="" ind2="">
      <subfield code="a">Haute école pédagogique BEJUNE</subfield>
      <subfield code="b">Porrentruy</subfield>
      <subfield code="d">doc.support@rero.ch</subfield>
    </datafield>
    <datafield tag="980" ind1="" ind2="">
      <subfield code="a">DISSERTATION</subfield>
      <subfield code="b">HEPBEJUNE</subfield>
      <subfield code="f">DISS_MASTER</subfield>
    </datafield>
    <datafield tag="990" ind1="" ind2="">
      <subfield code="a">20141008103646-BY</subfield>
    </datafield>
    <datafield tag="FFT" ind1="" ind2="">
      <subfield code="a">/Users/marietho/Devel/Virtualenvs/rerodoc/src/rerodoc/rerodoc/testsuite/data/record/232410/files/MAES_2013_MP_W_ltiGarnierZlatna.pdf</subfield>
      <subfield code="r"></subfield>
      <subfield code="d">Fichier principal</subfield>
      <subfield code="z">order:1</subfield>
      <subfield code="n">MAES_2013_MP_W_ltiGarnierZlatna.pdf</subfield>
    </datafield>
  </record>