
  <record>
    <datafield tag="041" ind1="" ind2="">
      <subfield code="a">fre</subfield>
    </datafield>
    <datafield tag="080" ind1="" ind2="">
      <subfield code="a">376</subfield>
    </datafield>
    <datafield tag="100" ind1="" ind2="">
      <subfield code="a">Petter-Zaugg, Monika</subfield>
    </datafield>
    <datafield tag="245" ind1="" ind2="">
      <subfield code="a">De-voir autrement</subfield>
      <subfield code="9">fre</subfield>
      <subfield code="b">Etude de projet d'intégration scolaire dans le canton de Berne</subfield>
    </datafield>
    <datafield tag="300" ind1="" ind2="">
      <subfield code="a">106 p.</subfield>
    </datafield>
    <datafield tag="500" ind1="" ind2="">
      <subfield code="a">Mémoire professionnel, Master of Arts (MA) in Special Needs Education, orientation "enseignement spécialisé", Volée 2010-2013</subfield>
    </datafield>
    <datafield tag="502" ind1="" ind2="">
      <subfield code="a">Mémoire de master : Haute école pédagogique BEJUNE, 2013</subfield>
      <subfield code="9">2013</subfield>
    </datafield>
    <datafield tag="520" ind1="" ind2="">
      <subfield code="a">Le travail concerne l’intégration scolaire (PIS) d’enfants en situation de handicap dans les classes régulières du canton de Berne. Cette recherche compréhensive avec une « planification roulante » servit à mieux définir mon champ d’action professionnelle. L’enquête sur les pratiques actuelles de la région ; le Jura bernois (côté francophone) et le Seeland (côté alémanique) a été menée en trois étapes. 1. Pré enquête : quatre entretiens semi-directifs avec les directeurs des institutions régionales, responsables des projets, pour gagner une vue d’ensemble de l’évolution des projets et pour en cibler deux à soumettre à la recherche. 2. Études de cas (2): entretiens individuels ouverts avec les mères de famille, dans le but de se familiariser avec les PIS et d’organiser les entretiens focus groupe rassemblant, d’une part, les familles et, d’autre part, les professionnels (enseignants titulaires et spécialisés, thérapeutes, directeurs d’école). 3. Post enquête : clôture de l’enquête lors d’entretiens avec les décideurs d’un PIS : le responsable psychologique et l’inspecteur scolaire. Performer un PIS implique de multiples rendez-vous susceptibles de changer le regard et, par conséquent, d’aborder ce « de-voir » autrement.</subfield>
      <subfield code="9">fre</subfield>
    </datafield>
    <datafield tag="695" ind1="" ind2="">
      <subfield code="a">Intégration scolaire ; handicap mental</subfield>
      <subfield code="9">fre</subfield>
    </datafield>
    <datafield tag="700" ind1="" ind2="">
      <subfield code="a">Gremion, Myriam</subfield>
      <subfield code="e">Dir.</subfield>
    </datafield>
    <datafield tag="919" ind1="" ind2="">
      <subfield code="a">Haute école pédagogique BEJUNE</subfield>
      <subfield code="b">Porrentruy</subfield>
      <subfield code="d">doc.support@rero.ch</subfield>
    </datafield>
    <datafield tag="980" ind1="" ind2="">
      <subfield code="a">DISSERTATION</subfield>
      <subfield code="b">HEPBEJUNE</subfield>
      <subfield code="f">DISS_MASTER</subfield>
    </datafield>
    <datafield tag="990" ind1="" ind2="">
      <subfield code="a">20141008102522-OV</subfield>
    </datafield>
    <datafield tag="FFT" ind1="" ind2="">
      <subfield code="a">/Users/marietho/Devel/Virtualenvs/rerodoc/src/rerodoc/rerodoc/testsuite/data/record/232409/files/MAES_2013_MP_Petter-ZauggMonika.pdf</subfield>
      <subfield code="r"></subfield>
      <subfield code="d">Fichier principal</subfield>
      <subfield code="z">order:1</subfield>
      <subfield code="n">MAES_2013_MP_Petter-ZauggMonika.pdf</subfield>
    </datafield>
  </record>