
  <record>
    <datafield tag="041" ind1="" ind2="">
      <subfield code="a">fre</subfield>
    </datafield>
    <datafield tag="080" ind1="" ind2="">
      <subfield code="a">376</subfield>
    </datafield>
    <datafield tag="100" ind1="" ind2="">
      <subfield code="a">Perret, Odile</subfield>
    </datafield>
    <datafield tag="245" ind1="" ind2="">
      <subfield code="a">Un cadre pour permettre la collaboration créative au sein d'un regroupement hebdomadaire d'élèves à haut potentiel</subfield>
      <subfield code="9">fre</subfield>
    </datafield>
    <datafield tag="300" ind1="" ind2="">
      <subfield code="a">54 p.</subfield>
    </datafield>
    <datafield tag="500" ind1="" ind2="">
      <subfield code="a">Mémoire professionnel, Master of Arts (MA) in Special Needs Education, orientation "enseignement spécialisé", Volée 2010-2013</subfield>
    </datafield>
    <datafield tag="502" ind1="" ind2="">
      <subfield code="a">Mémoire de master : Haute école pédagogique BEJUNE, 2013</subfield>
      <subfield code="9">2013</subfield>
    </datafield>
    <datafield tag="520" ind1="" ind2="">
      <subfield code="a">L’objectif de cette recherche est d’explorer un cadre qui puisse favoriser la collaboration créative dans une classe d’élèves à haut potentiel. La recherche débouche sur une proposition pédagogique dans ce contexte-là. C’est le fruit d’une recherche-action mené durant six semaines dans le terrain. La compétition de robot First Lego League (FLL) est le projet choisi pour la mise en application dans le terrain. Ce travail a été réalisé au travers de la planification des activités, de prédictions de ce qui allait se passer, d’essais et d’observations de ce qui s’est passé lors des matinées de travail enregistrées en audio et vidéo. Le cadre proposé au départ a été ajusté, repensé et consolidé au cours des semaines. Les résultats montrent que le choix du découpage des séquences est important pour permettre l’interaction sociale entre les élèves et la production d’idées créatives : le découpage est composé de longs moments de travail autonome ponctués par des courts moments dirigés par l’enseignant qui utilise divers outils pour soutenir et faire progresser la collaboration créative. Il est ressorti que face à une tâche collaborative et créative des élèves, l’enseignant peut encadrer et soutenir le groupe dans un travail autonome tout en lui offrant les outils nécessaires à son évolution. De plus, concernant les élèves, il semblerait que le cadre donné par l’enseignant doit garantir la motivation et le but commun du groupe pour que les élèves se responsabilisent, se soutiennent, s’engagent et qu’ils deviennent acteurs de leurs apprentissages. Cette recherche tente de répondre aussi à une demande de l’instruction publique du Canton de Berne qui s’intéresse aujourd’hui à des propositions pédagogiques qui répondent aux spécificités des élèves à haut potentiel (lignes directrices pour l'intégration et les mesures pédagogiques particulières à l'école obligatoire, 2009).</subfield>
      <subfield code="9">fre</subfield>
    </datafield>
    <datafield tag="695" ind1="" ind2="">
      <subfield code="a">Collaboration créative ; créativité ; élèves à haut potentiel ; actions de l’enseignant ; cadre</subfield>
      <subfield code="9">fre</subfield>
    </datafield>
    <datafield tag="700" ind1="" ind2="">
      <subfield code="a">Giglio, Marcelo</subfield>
      <subfield code="e">Dir.</subfield>
    </datafield>
    <datafield tag="918" ind1="" ind2="">
      <subfield code="a">Haute école pédagogique BEJUNE</subfield>
      <subfield code="b">Rue du Banné 23, 2900 Porrentruy</subfield>
    </datafield>
    <datafield tag="919" ind1="" ind2="">
      <subfield code="a">Haute école pédagogique BEJUNE</subfield>
      <subfield code="b">Porrentruy</subfield>
      <subfield code="d">doc.support@rero.ch</subfield>
    </datafield>
    <datafield tag="980" ind1="" ind2="">
      <subfield code="a">DISSERTATION</subfield>
      <subfield code="b">HEPBEJUNE</subfield>
      <subfield code="f">DISS_MASTER</subfield>
    </datafield>
    <datafield tag="990" ind1="" ind2="">
      <subfield code="a">20141008101802-CV</subfield>
    </datafield>
    <datafield tag="FFT" ind1="" ind2="">
      <subfield code="a">/Users/marietho/Devel/Virtualenvs/rerodoc/src/rerodoc/rerodoc/testsuite/data/record/232408/files/MAES_2013_MP_PerretOdile.pdf</subfield>
      <subfield code="r"></subfield>
      <subfield code="d">Texte intégral</subfield>
      <subfield code="z">order:1</subfield>
      <subfield code="n">MAES_2013_MP_PerretOdile.pdf</subfield>
    </datafield>
  </record>