
  <record>
    <datafield tag="041" ind1="" ind2="">
      <subfield code="a">fre</subfield>
    </datafield>
    <datafield tag="080" ind1="" ind2="">
      <subfield code="a">376</subfield>
    </datafield>
    <datafield tag="100" ind1="" ind2="">
      <subfield code="a">Leuba, Eliane</subfield>
    </datafield>
    <datafield tag="245" ind1="" ind2="">
      <subfield code="a">Je joue, donc j'apprends !</subfield>
      <subfield code="9">fre</subfield>
      <subfield code="b">le jeu comme support à la prise de conscience et au développement des compétences métacognitives</subfield>
    </datafield>
    <datafield tag="300" ind1="" ind2="">
      <subfield code="a">93 p.</subfield>
    </datafield>
    <datafield tag="500" ind1="" ind2="">
      <subfield code="a">Mémoire professionnel, Master of Arts (MA) in Special Needs Education, orientation "enseignement spécialisé", Volée 2010-2013</subfield>
    </datafield>
    <datafield tag="502" ind1="" ind2="">
      <subfield code="a">Mémoire de master : Haute école pédagogique BEJUNE, 2013</subfield>
      <subfield code="9">2013</subfield>
    </datafield>
    <datafield tag="520" ind1="" ind2="">
      <subfield code="a">La recherche a été menée dans le cadre de leçons de soutien pédagogique ambulatoire dans une école primaire du canton de Berne francophone, avec six enfants de dix à douze ans de 4P-5P (6ème et 7ème Harmos). L’objectif était de mieux comprendre le rôle du jeu en soutien pédagogique et son utilité pour prendre conscience de son fonctionnement de pensée. Les enfants ont joué par groupe de deux à Gang de Castors. L’impact du jeu sur leur motivation a été observé. Le jeu a été suivi d’entretiens individuels; les enfants ont été encouragés à verbaliser leurs actions et à réfléchir à leur fonctionnement de pensée. La possibilité de déposer une trace écrite a été proposée dans un deuxième temps. Dans un troisième temps, une autoconfrontation (visionnement d’une partie précédente) a eu lieu pendant laquelle les enfants ont pu s’observer. L’analyse des différentes étapes du dispositif a permis d’observer l’évolution de chaque enfant au niveau de sa prise de conscience et de ses compétences métacognitives. Elle a mis en évidence le rôle important du passage à la verbalisation. Le jeu est un support motivant qui permet à l’enfant de réfléchir à ses processus cognitifs et métacognitifs.</subfield>
      <subfield code="9">fre</subfield>
    </datafield>
    <datafield tag="695" ind1="" ind2="">
      <subfield code="a">Soutien pédagogique ; jeu ; motivation ; prise de conscience ; métacognition</subfield>
      <subfield code="9">fre</subfield>
    </datafield>
    <datafield tag="700" ind1="" ind2="">
      <subfield code="a">Numa-Bocage, Line</subfield>
      <subfield code="e">Dir.</subfield>
    </datafield>
    <datafield tag="918" ind1="" ind2="">
      <subfield code="a">Haute école pédagogique BEJUNE</subfield>
      <subfield code="b">Rue du Banné 23, 2900 Porrentruy</subfield>
    </datafield>
    <datafield tag="919" ind1="" ind2="">
      <subfield code="a">Haute école pédagogique BEJUNE</subfield>
      <subfield code="b">Porrentruy</subfield>
      <subfield code="d">doc.support@rero.ch</subfield>
    </datafield>
    <datafield tag="980" ind1="" ind2="">
      <subfield code="a">DISSERTATION</subfield>
      <subfield code="b">HEPBEJUNE</subfield>
      <subfield code="f">DISS_MASTER</subfield>
    </datafield>
    <datafield tag="990" ind1="" ind2="">
      <subfield code="a">20141008101249-OA</subfield>
    </datafield>
    <datafield tag="FFT" ind1="" ind2="">
      <subfield code="a">/Users/marietho/Devel/Virtualenvs/rerodoc/src/rerodoc/rerodoc/testsuite/data/record/232406/files/MAES_2013_MP_LeubaEliane.pdf</subfield>
      <subfield code="r"></subfield>
      <subfield code="d">Fichier principal</subfield>
      <subfield code="z">order:1</subfield>
      <subfield code="n">MAES_2013_MP_LeubaEliane.pdf</subfield>
    </datafield>
  </record>