
  <record>
    <datafield tag="035" ind1="" ind2="">
      <subfield code="a">R007897543</subfield>
    </datafield>
    <datafield tag="041" ind1="" ind2="">
      <subfield code="a">fre</subfield>
    </datafield>
    <datafield tag="080" ind1="" ind2="">
      <subfield code="a">616-083</subfield>
    </datafield>
    <datafield tag="100" ind1="" ind2="">
      <subfield code="a">Bozic, Sanja</subfield>
    </datafield>
    <datafield tag="245" ind1="" ind2="">
      <subfield code="a">Les modalités des préparations psychologiques les plus adaptées à un enfant d'âge scolaire subissant une opération ambulatoire planifiée</subfield>
      <subfield code="9">fre</subfield>
      <subfield code="b">une revue de littéature étoffée</subfield>
    </datafield>
    <datafield tag="300" ind1="" ind2="">
      <subfield code="a">119 f.</subfield>
    </datafield>
    <datafield tag="500" ind1="" ind2="">
      <subfield code="a">Travail de Bachelor en vue de l'obtention du titre de Bachelor of science HES-SO en soins infirmiers</subfield>
    </datafield>
    <datafield tag="502" ind1="" ind2="">
      <subfield code="a">Mémoire de bachelor : Haute Ecole de Santé de Fribourg, 2014</subfield>
      <subfield code="9">2014-06-30</subfield>
    </datafield>
    <datafield tag="520" ind1="" ind2="">
      <subfield code="a">Actuellement plusieurs recherches ont évalué l’efficacité de la préparation psychologique. Cependant, elles n’utilisent pas toutes le même type de préparation et elles ont des modalités différentes. Question de recherche : Quelles sont les différentes modalités des préparations psychologiques pour les enfants d’âge scolaire subissant une chirurgie ambulatoire planifiée et lesquelles se montrent les plus adaptées ?</subfield>
      <subfield code="9">fre</subfield>
    </datafield>
    <datafield tag="600" ind1="" ind2="">
      <subfield code="9">650_7</subfield>
      <subfield code="a">Opérations chirurgicales</subfield>
      <subfield code="2">rero</subfield>
    </datafield>
    <datafield tag="600" ind1="" ind2="">
      <subfield code="9">650_7</subfield>
      <subfield code="a">Chirurgie ambulatoire pédiatrique</subfield>
      <subfield code="2">rero</subfield>
    </datafield>
    <datafield tag="600" ind1="" ind2="">
      <subfield code="9">650_7</subfield>
      <subfield code="a">Enfants</subfield>
      <subfield code="2">rero</subfield>
    </datafield>
    <datafield tag="600" ind1="" ind2="">
      <subfield code="9">650_7</subfield>
      <subfield code="a">Anxiété</subfield>
      <subfield code="2">rero</subfield>
    </datafield>
    <datafield tag="695" ind1="" ind2="">
      <subfield code="a">Children ; surgery ; preoperative psychological preparation ; anxiety</subfield>
      <subfield code="9">eng</subfield>
    </datafield>
    <datafield tag="700" ind1="" ind2="">
      <subfield code="a">Chollet, Elisa</subfield>
    </datafield>
    <datafield tag="700" ind1="" ind2="">
      <subfield code="a">Bulliard, Corinne</subfield>
      <subfield code="e">Dir.</subfield>
    </datafield>
    <datafield tag="919" ind1="" ind2="">
      <subfield code="a">Haute Ecole de Santé de Fribourg</subfield>
      <subfield code="b">Fribourg</subfield>
      <subfield code="d">doc.support@rero.ch</subfield>
    </datafield>
    <datafield tag="980" ind1="" ind2="">
      <subfield code="a">DISSERTATION</subfield>
      <subfield code="b">HEDSFR</subfield>
      <subfield code="f">DISS_BACHELOR</subfield>
    </datafield>
    <datafield tag="990" ind1="" ind2="">
      <subfield code="a">20141008100501-ME</subfield>
    </datafield>
    <datafield tag="FFT" ind1="" ind2="">
      <subfield code="a">/Users/marietho/Devel/Virtualenvs/rerodoc/src/rerodoc/rerodoc/testsuite/data/record/232403/files/Bozic_Chollet.pdf</subfield>
      <subfield code="r"></subfield>
      <subfield code="d">Texte intégrale</subfield>
      <subfield code="z">order:1</subfield>
      <subfield code="n">Bozic_Chollet.pdf</subfield>
    </datafield>
  </record>