
  <record>
    <datafield tag="035" ind1="" ind2="">
      <subfield code="a">R007897477</subfield>
    </datafield>
    <datafield tag="041" ind1="" ind2="">
      <subfield code="a">fre</subfield>
    </datafield>
    <datafield tag="080" ind1="" ind2="">
      <subfield code="a">616-083</subfield>
    </datafield>
    <datafield tag="100" ind1="" ind2="">
      <subfield code="a">Bapst, Valentine,</subfield>
    </datafield>
    <datafield tag="245" ind1="" ind2="">
      <subfield code="a">Communication en oncologie</subfield>
      <subfield code="9">fre</subfield>
      <subfield code="b">la communication adaptée de l'infirmière pour répondre aux besoins des patients atteints de cancer recevant des mauvaises nouvelles</subfield>
    </datafield>
    <datafield tag="300" ind1="" ind2="">
      <subfield code="a">152 f.</subfield>
    </datafield>
    <datafield tag="500" ind1="" ind2="">
      <subfield code="a">Travail de Bachelor en vue de l'obtention du titre de Bachelor of science HES-SO en soins infirmiers</subfield>
    </datafield>
    <datafield tag="502" ind1="" ind2="">
      <subfield code="a">Mémoire de bachelor : Haute Ecole de Santé de Fribourg, 2014</subfield>
      <subfield code="9">2014-06-30</subfield>
    </datafield>
    <datafield tag="520" ind1="" ind2="">
      <subfield code="a">L’annonce de mauvaises nouvelles relatives au cancer est une pratique courante dans les milieux de soins aigus. Cette maladie évoque la mort et provoque des sentiments négatifs au sein de toute la population. Dans ce contexte, les infirmières ont un rôle communicationnel important à jouer dans la fourniture d’informations et la gestion des émotions auprès des patients cancéreux.</subfield>
      <subfield code="9">fre</subfield>
    </datafield>
    <datafield tag="600" ind1="" ind2="">
      <subfield code="9">650_7</subfield>
      <subfield code="a">Communication</subfield>
      <subfield code="2">rero</subfield>
    </datafield>
    <datafield tag="600" ind1="" ind2="">
      <subfield code="9">650_7</subfield>
      <subfield code="a">Soins infirmiers</subfield>
      <subfield code="2">rero</subfield>
    </datafield>
    <datafield tag="600" ind1="" ind2="">
      <subfield code="9">650_7</subfield>
      <subfield code="a">Cancérologie</subfield>
      <subfield code="2">rero</subfield>
    </datafield>
    <datafield tag="600" ind1="" ind2="">
      <subfield code="9">650_7</subfield>
      <subfield code="a">Relations infirmière-patient</subfield>
      <subfield code="2">rero</subfield>
    </datafield>
    <datafield tag="695" ind1="" ind2="">
      <subfield code="a">communication ; nursing ; bad news ; cancer ; nurse-patient</subfield>
      <subfield code="9">eng</subfield>
    </datafield>
    <datafield tag="700" ind1="" ind2="">
      <subfield code="a">Michel, Olivia</subfield>
    </datafield>
    <datafield tag="700" ind1="" ind2="">
      <subfield code="a">Serena, Andrea</subfield>
      <subfield code="e">Dir.</subfield>
    </datafield>
    <datafield tag="919" ind1="" ind2="">
      <subfield code="a">Haute Ecole de Santé de Fribourg</subfield>
      <subfield code="b">Fribourg</subfield>
      <subfield code="d">doc.support@rero.ch</subfield>
    </datafield>
    <datafield tag="980" ind1="" ind2="">
      <subfield code="a">DISSERTATION</subfield>
      <subfield code="b">HEDSFR</subfield>
      <subfield code="f">DISS_BACHELOR</subfield>
    </datafield>
    <datafield tag="990" ind1="" ind2="">
      <subfield code="a">20141008100121-IS</subfield>
    </datafield>
    <datafield tag="FFT" ind1="" ind2="">
      <subfield code="a">/Users/marietho/Devel/Virtualenvs/rerodoc/src/rerodoc/rerodoc/testsuite/data/record/232402/files/Bapst_Michel.pdf</subfield>
      <subfield code="r"></subfield>
      <subfield code="d">Texte intégrale</subfield>
      <subfield code="z">order:1</subfield>
      <subfield code="n">Bapst_Michel.pdf</subfield>
    </datafield>
  </record>