
  <record>
    <datafield tag="041" ind1="" ind2="">
      <subfield code="a">fre</subfield>
    </datafield>
    <datafield tag="080" ind1="" ind2="">
      <subfield code="a">376</subfield>
    </datafield>
    <datafield tag="100" ind1="" ind2="">
      <subfield code="a">Bauman, Sophie</subfield>
    </datafield>
    <datafield tag="245" ind1="" ind2="">
      <subfield code="a">La conscience phonologique</subfield>
      <subfield code="9">fre</subfield>
      <subfield code="b">ateliers de prévention et de remédiation</subfield>
    </datafield>
    <datafield tag="300" ind1="" ind2="">
      <subfield code="a">112 p.</subfield>
    </datafield>
    <datafield tag="500" ind1="" ind2="">
      <subfield code="a">Mémoire professionnel, Master of Arts (MA) in Special Needs Education, orientation "enseignement spécialisé", Volée 2010-2013</subfield>
    </datafield>
    <datafield tag="502" ind1="" ind2="">
      <subfield code="a">Mémoire de master : Haute école pédagogique BEJUNE, 2013</subfield>
      <subfield code="9">2013</subfield>
    </datafield>
    <datafield tag="520" ind1="" ind2="">
      <subfield code="a">Le postulat de base de cette étude est le suivant : la conscience phonologique, surtout sa partie phonémique, est centrale pour apprendre et pour la réussite en lecture. Dans cette étude, je propose de tester et d’évaluer des méthodes mettant en oeuvre des ateliers de prévention et de remédiation liés à la conscience phonologique et de les appliquer avec des élèves de deuxième année d’école enfantine. « Etre expert en langage oral » signifie pour un enfant être performant en conscience phonologique. Cette dernière permet aux enfants d’exécuter une métaréflexion sur leur fonctionnement lorsqu’ils traitent les syllabes, les rimes et les phonèmes, ce qui leur permet alors d’apprendre à lire. La partie théorique de cette étude revient sur les concept-clés nécessaires à la compréhension de ce qu’est la conscience phonologique. La partie pratique illustre les performances en conscience phonologique de neuf élèves de deuxième année d’école enfantine lors de diverses évaluations au cours de l’année scolaire. Suite à un atelier de prévention auquel ont participé tous les élèves de la classe, quatre d’entre eux ont poursuivi l’expérience avec un atelier de remédiation portant plus spécifiquement sur des activités qu’une enseignante spécialisée peut mettre en place. Les résultats de l’étude montrent que tous les élèves ont progressé suite à un atelier de prévention et à un atelier de remédiation. En conclusion, les élèves sont devenus « expert » en conscience syllabique après avoir suivi ces ateliers. Cependant, cela ne suffit pas encore pour être « expert » en conscience phonologique car la partie phonémique est difficile à consolider à cet âge et sans la correspondance graphophonétique qui apparaitra lors de l’entrée réelle dans l’écrit.</subfield>
      <subfield code="9">fre</subfield>
    </datafield>
    <datafield tag="695" ind1="" ind2="">
      <subfield code="a">Conscience phonologique ; conscience phonémique ; école enfantine ; évaluations</subfield>
      <subfield code="9">fre</subfield>
    </datafield>
    <datafield tag="700" ind1="" ind2="">
      <subfield code="a">Willemin, Sophie</subfield>
      <subfield code="e">Dir.</subfield>
    </datafield>
    <datafield tag="918" ind1="" ind2="">
      <subfield code="a">Haute école pédagogique BEJUNE</subfield>
      <subfield code="b">Rue du Banné 23, 2900 Porrentruy</subfield>
    </datafield>
    <datafield tag="919" ind1="" ind2="">
      <subfield code="a">Haute école pédagogique BEJUNE</subfield>
      <subfield code="b">Porrentruy</subfield>
      <subfield code="d">doc.support@rero.ch</subfield>
    </datafield>
    <datafield tag="980" ind1="" ind2="">
      <subfield code="a">DISSERTATION</subfield>
      <subfield code="b">HEPBEJUNE</subfield>
      <subfield code="f">DISS_MASTER</subfield>
    </datafield>
    <datafield tag="990" ind1="" ind2="">
      <subfield code="a">20141008095359-VL</subfield>
    </datafield>
    <datafield tag="FFT" ind1="" ind2="">
      <subfield code="a">/Users/marietho/Devel/Virtualenvs/rerodoc/src/rerodoc/rerodoc/testsuite/data/record/232400/files/MAES_2013_MP_BaumannMelanie.pdf</subfield>
      <subfield code="r"></subfield>
      <subfield code="d">Fichier principal</subfield>
      <subfield code="z">order:1</subfield>
      <subfield code="n">MAES_2013_MP_BaumannMelanie.pdf</subfield>
    </datafield>
  </record>