
  <record>
    <datafield tag="041" ind1="" ind2="">
      <subfield code="a">eng</subfield>
    </datafield>
    <datafield tag="080" ind1="" ind2="">
      <subfield code="a">57/59</subfield>
    </datafield>
    <datafield tag="100" ind1="" ind2="">
      <subfield code="a">Schel, Anne Marijke</subfield>
      <subfield code="u">School of Psychology, University of St Andrews, U.K.</subfield>
    </datafield>
    <datafield tag="245" ind1="" ind2="">
      <subfield code="a">Predator-deterring alarm call sequences in Guereza colobus monkeys are meaningful to conspecifics</subfield>
      <subfield code="9">eng</subfield>
    </datafield>
    <datafield tag="269" ind1="" ind2="">
      <subfield code="c">2010</subfield>
    </datafield>
    <datafield tag="520" ind1="" ind2="">
      <subfield code="a">Guereza colobus monkeys, &lt;i&gt;Colobus guereza&lt;/i&gt;, produce acoustically conspicuous vocalizations, the roars, in response to their main predators, leopards, &lt;i&gt;Panthera pardus&lt;/i&gt;, and crowned eagles, &lt;i&gt;Stephanoaetus coronatus&lt;/i&gt;. Roaring alarm utterances generally consist of the same basic call types but differ in overall structural composition. Leopards trigger roaring alarms containing many roaring sequences of only a few calls each, while eagles trigger few sequences with many calls each. To investigate whether conspecifics extract meaning from these structural differences, we played back leopard and eagle alarm call sequences and compared the monkeys’ responses in terms of their locomotor, gaze and vocal behaviour with their responses to the corresponding predator vocalizations. Locomotor responses did not differ between playback conditions; movement was always towards the simulated caller with no clear patterns in the vertical plane. Gaze direction, however, was highly predator specific. When hearing leopard-related stimuli, monkeys were significantly more likely to scan the area beneath them than when hearing eagle-related stimuli, which caused more scanning above. Vocal response rates to conspecific alarms were generally low but comparable with rates to the corresponding predators. If monkeys called, however, they produced the matching call sequences. Overall, our results showed that Guerezas discriminated between predator alarm call sequences produced by unfamiliar conspecifics and responded to them in predator-specific ways. Since the sequences were composed of the same basic call types, we concluded that the monkeys attended to the compositional aspects of these utterances.</subfield>
      <subfield code="9">eng</subfield>
    </datafield>
    <datafield tag="695" ind1="" ind2="">
      <subfield code="a">alarm call ; Budongo Forest ; &lt;i&gt;Colobus guereza&lt;/i&gt; ; Guereza colobus ; perception advertisement ; predation ; predator deterrence ; primate communication ; semantic ; syntax</subfield>
      <subfield code="9">eng</subfield>
    </datafield>
    <datafield tag="700" ind1="" ind2="">
      <subfield code="a">Candiottia, Agnès</subfield>
      <subfield code="u">School of Psychology, University of St Andrews, U.K.</subfield>
    </datafield>
    <datafield tag="700" ind1="" ind2="">
      <subfield code="a">Zuberbühler, Klaus</subfield>
      <subfield code="u">School of Psychology, University of St Andrews, U.K.</subfield>
    </datafield>
    <datafield tag="773" ind1="" ind2="">
      <subfield code="t">Animal Behaviour</subfield>
      <subfield code="g">2010/80/5/799-808</subfield>
      <subfield code="d">Elsevier Masson</subfield>
    </datafield>
    <datafield tag="775" ind1="" ind2="">
      <subfield code="g">Published Version</subfield>
      <subfield code="o">http://dx.doi.org/10.1016/j.anbehav.2010.07.012</subfield>
    </datafield>
    <datafield tag="918" ind1="" ind2="">
      <subfield code="a">Faculté des sciences</subfield>
      <subfield code="b">Rue Emile-Argand 11, 2007 Neuchâtel</subfield>
    </datafield>
    <datafield tag="919" ind1="" ind2="">
      <subfield code="a">Université de Neuchâtel</subfield>
      <subfield code="b">Neuchâtel</subfield>
      <subfield code="d">doc.support@rero.ch</subfield>
    </datafield>
    <datafield tag="980" ind1="" ind2="">
      <subfield code="a">POSTPRINT</subfield>
      <subfield code="b">UNINE</subfield>
      <subfield code="f">ART_JOURNAL</subfield>
    </datafield>
    <datafield tag="990" ind1="" ind2="">
      <subfield code="a">20141007155522-XW</subfield>
    </datafield>
    <datafield tag="FFT" ind1="" ind2="">
      <subfield code="a">/Users/marietho/Devel/Virtualenvs/rerodoc/src/rerodoc/rerodoc/testsuite/data/record/232397/files/Schel_A._M._-_Predator-deterring_alarm_call_sequences_20141007.pdf</subfield>
      <subfield code="r"></subfield>
      <subfield code="d">Texte intégral</subfield>
      <subfield code="z">order:1</subfield>
      <subfield code="n">Schel_A._M._-_Predator-deterring_alarm_call_sequences_20141007.pdf</subfield>
    </datafield>
  </record>