
  <record>
    <datafield tag="041" ind1="" ind2="">
      <subfield code="a">eng</subfield>
    </datafield>
    <datafield tag="080" ind1="" ind2="">
      <subfield code="a">57/59</subfield>
    </datafield>
    <datafield tag="100" ind1="" ind2="">
      <subfield code="a">Petit, Eric J</subfield>
      <subfield code="u">Ecobio, UMR CNRS 6553, UMR1099 BiO3P, INRA/Agrocampus, Université de Rennes, France</subfield>
    </datafield>
    <datafield tag="245" ind1="" ind2="">
      <subfield code="a">Cross-Amplified Polymorphic Microsatellites for Campbell’s Monkey</subfield>
      <subfield code="9">eng</subfield>
    </datafield>
    <datafield tag="269" ind1="" ind2="">
      <subfield code="c">2010</subfield>
    </datafield>
    <datafield tag="520" ind1="" ind2="">
      <subfield code="a">Population genetic analyses are of considerable importance for conservation strategies to protect endangered primates. We tested microsatellites of human origin with an aim to understand the genetic diversity of a West African forest guenon, Campbell’s monkey, &lt;i&gt;Cercopithecus campbelli&lt;/i&gt;. Twelve markers amplified successfully, were polymorphic and were inherited in a Mendelian fashion in a group of 4 individuals kept in captivity. These 12 markers were further amplified from 35 faecal samples collected in Taï National Park. These samples proved to originate from 18 free-ranging monkeys and showed that the 12 markers we developed for this species are polymorphic and suitable for future population genetic and parentage analyses.</subfield>
      <subfield code="9">eng</subfield>
    </datafield>
    <datafield tag="695" ind1="" ind2="">
      <subfield code="a">Microsatellite ; Gene diversity ; &lt;i&gt;Cercopithecus campbelli&lt;/i&gt; ; Cross-amplification ; Old World monkeys ; Catarrhines</subfield>
      <subfield code="9">eng</subfield>
    </datafield>
    <datafield tag="700" ind1="" ind2="">
      <subfield code="a">Ouattara, K</subfield>
      <subfield code="u">Ethologie Animale et Humaine, UMR CNRS 6552, Station Biologique de Paimpont, Université de Rennes, France</subfield>
    </datafield>
    <datafield tag="700" ind1="" ind2="">
      <subfield code="a">Zuberbuehler, Klaus</subfield>
      <subfield code="u">Centre Suisse de Recherches Scientifiques, Taï Monkey Project, Abidjan, Côte d’Ivoire</subfield>
    </datafield>
    <datafield tag="773" ind1="" ind2="">
      <subfield code="t">Folia Primatologica</subfield>
      <subfield code="g">2010/81/1/12-15</subfield>
      <subfield code="d">Karger</subfield>
    </datafield>
    <datafield tag="775" ind1="" ind2="">
      <subfield code="g">Published Version</subfield>
      <subfield code="o">http://dx.doi.org/10.1159/000289387</subfield>
    </datafield>
    <datafield tag="918" ind1="" ind2="">
      <subfield code="a">Faculté des sciences</subfield>
      <subfield code="b">Rue Emile-Argand 11, 2007 Neuchâtel</subfield>
    </datafield>
    <datafield tag="919" ind1="" ind2="">
      <subfield code="a">Université de Neuchâtel</subfield>
      <subfield code="b">Neuchâtel</subfield>
      <subfield code="d">doc.support@rero.ch</subfield>
    </datafield>
    <datafield tag="980" ind1="" ind2="">
      <subfield code="a">POSTPRINT</subfield>
      <subfield code="b">UNINE</subfield>
      <subfield code="f">ART_JOURNAL</subfield>
    </datafield>
    <datafield tag="990" ind1="" ind2="">
      <subfield code="a">20141007144827-ZM</subfield>
    </datafield>
    <datafield tag="FFT" ind1="" ind2="">
      <subfield code="a">/Users/marietho/Devel/Virtualenvs/rerodoc/src/rerodoc/rerodoc/testsuite/data/record/232396/files/Petit_E._J_-_Cross-amplified_polymorphic_microsatellites_20141007.pdf</subfield>
      <subfield code="r"></subfield>
      <subfield code="d">Texte intégral</subfield>
      <subfield code="z">order:1</subfield>
      <subfield code="n">Petit_E._J_-_Cross-amplified_polymorphic_microsatellites_20141007.pdf</subfield>
    </datafield>
  </record>