
  <record>
    <datafield tag="035" ind1="" ind2="">
      <subfield code="a">R007901390</subfield>
    </datafield>
    <datafield tag="041" ind1="" ind2="">
      <subfield code="a">fre</subfield>
    </datafield>
    <datafield tag="080" ind1="" ind2="">
      <subfield code="a">616-083</subfield>
    </datafield>
    <datafield tag="100" ind1="" ind2="">
      <subfield code="a">Janeira Ramalho, Joana</subfield>
    </datafield>
    <datafield tag="245" ind1="" ind2="">
      <subfield code="a">La posture infirmière lors de l'annonce d'un diagnostic de cancer</subfield>
      <subfield code="9">fre</subfield>
      <subfield code="b">travail de Bachelor</subfield>
    </datafield>
    <datafield tag="300" ind1="" ind2="">
      <subfield code="a">66 f.</subfield>
    </datafield>
    <datafield tag="502" ind1="" ind2="">
      <subfield code="a">Mémoire de bachelor : Haute école de santé Genève, 2014</subfield>
      <subfield code="9">2014</subfield>
    </datafield>
    <datafield tag="520" ind1="" ind2="">
      <subfield code="a">Thème : Le moment de l’annonce du diagnostic de cancer est un événement bouleversant dans la vie du patient et de son entourage. De ce fait, il est important de bien accompagner le patient lors de ce moment crucial. De plus, il semble primordial de mettre un point d’honneur à développer le rôle infirmier lors de l’annonce du diagnostic afin de permettre l’amélioration de la pratique infirmière et l’enrichissement de la discipline. Cette revue de littérature cherche à répondre au questionnement suivant: Quelle est la posture infirmière lors de l’annonce de diagnostic de cancer chez l’adulte afin d’améliorer la qualité de vie de la personne ? Contenu : Revue de littérature analysant quatorze articles de recherche sélectionnés dans les bases de données. Discussion : Cette section met en lien les concepts émergeants de la revue de littérature (l’annonce, la communication, la prise en soin et la qualité de vie) avec les compétences du référentiel de l’HES-SO selon le PEC 2006, les facteurs caratifs de la théorie de J. Watson et les rôles KFH. Les thèmes importants pour la posture de l’infirmière présents lors de l’annonce de diagnostic de cancer sont : la collaboration pluridisciplinaire, la prise en soins en partenariat avec le patient en tenant compte de sa subjectivité, l’importance de la formation continue et l’auto-évaluation des infirmières. Afin de contribuer à l’amélioration du rôle infirmier, qui garantira une prise en soin de qualité, des recommandations pour la recherche et pour la pratique ont été décrites. Finalement, les limites de ce travail de bachelor ont été recensées.</subfield>
      <subfield code="9">fre</subfield>
    </datafield>
    <datafield tag="600" ind1="" ind2="">
      <subfield code="9">650_7</subfield>
      <subfield code="a">Cancer</subfield>
      <subfield code="2">rero</subfield>
    </datafield>
    <datafield tag="600" ind1="" ind2="">
      <subfield code="9">650_7</subfield>
      <subfield code="a">Annonce d'une maladie</subfield>
      <subfield code="2">rero</subfield>
    </datafield>
    <datafield tag="600" ind1="" ind2="">
      <subfield code="9">650_7</subfield>
      <subfield code="a">Infirmières</subfield>
      <subfield code="2">rero</subfield>
    </datafield>
    <datafield tag="695" ind1="" ind2="">
      <subfield code="a">Diagnostic de cancer ; Caring ; Relation infirmière-patient ; Communication ; Qualité de vie</subfield>
      <subfield code="9">fre</subfield>
    </datafield>
    <datafield tag="695" ind1="" ind2="">
      <subfield code="a">Cancer diagnosis ; Caring ; Nurse-patient relationship ; Comunication ; Quality of life</subfield>
      <subfield code="9">eng</subfield>
    </datafield>
    <datafield tag="700" ind1="" ind2="">
      <subfield code="a">Araújo Correia, Fabiana</subfield>
    </datafield>
    <datafield tag="700" ind1="" ind2="">
      <subfield code="a">Pinto Carreiras, Stéphanie</subfield>
    </datafield>
    <datafield tag="700" ind1="" ind2="">
      <subfield code="a">Rodriguez da Rocha, Gora</subfield>
      <subfield code="e">Dir.</subfield>
    </datafield>
    <datafield tag="918" ind1="" ind2="">
      <subfield code="a">Haute école de santé Genève</subfield>
      <subfield code="b">Avenue de Champel 47, 1906 Genève</subfield>
    </datafield>
    <datafield tag="919" ind1="" ind2="">
      <subfield code="a">Haute école de santé Genève</subfield>
      <subfield code="b">Genève</subfield>
      <subfield code="d">doc.support@rero.ch</subfield>
    </datafield>
    <datafield tag="980" ind1="" ind2="">
      <subfield code="a">DISSERTATION</subfield>
      <subfield code="b">HEDSGE</subfield>
      <subfield code="f">DISS_BACHELOR</subfield>
    </datafield>
    <datafield tag="990" ind1="" ind2="">
      <subfield code="a">20141007130732-ZM</subfield>
    </datafield>
    <datafield tag="FFT" ind1="" ind2="">
      <subfield code="a">/Users/marietho/Devel/Virtualenvs/rerodoc/src/rerodoc/rerodoc/testsuite/data/record/232391/files/Travail_de_Bachelor_rPDF.pdf</subfield>
      <subfield code="r"></subfield>
      <subfield code="d">Texte intégral</subfield>
      <subfield code="z">order:1</subfield>
      <subfield code="n">Travail_de_Bachelor_rPDF.pdf</subfield>
    </datafield>
  </record>