
  <record>
    <datafield tag="035" ind1="" ind2="">
      <subfield code="a">R007897909</subfield>
    </datafield>
    <datafield tag="041" ind1="" ind2="">
      <subfield code="a">eng</subfield>
    </datafield>
    <datafield tag="080" ind1="" ind2="">
      <subfield code="a">796</subfield>
    </datafield>
    <datafield tag="245" ind1="" ind2="">
      <subfield code="a">Media guide</subfield>
      <subfield code="9">eng</subfield>
      <subfield code="b">Beijing 2008</subfield>
    </datafield>
    <datafield tag="260" ind1="" ind2="">
      <subfield code="a">Beijing :</subfield>
      <subfield code="c">2008</subfield>
      <subfield code="b">BOCOG,</subfield>
    </datafield>
    <datafield tag="600" ind1="" ind2="">
      <subfield code="9">61127</subfield>
      <subfield code="a">Jeux olympiques d'été</subfield>
      <subfield code="2">rero</subfield>
    </datafield>
    <datafield tag="600" ind1="" ind2="">
      <subfield code="9">650_7</subfield>
      <subfield code="a">Médias -- fre</subfield>
      <subfield code="2">rero</subfield>
    </datafield>
    <datafield tag="600" ind1="" ind2="">
      <subfield code="9">650_7</subfield>
      <subfield code="a">Transport -- fre</subfield>
      <subfield code="2">rero</subfield>
    </datafield>
    <datafield tag="600" ind1="" ind2="">
      <subfield code="9">650_7</subfield>
      <subfield code="a">Logement</subfield>
      <subfield code="2">rero</subfield>
    </datafield>
    <datafield tag="695" ind1="" ind2="">
      <subfield code="a">Jeux Olympiques d'été ; Beijing ; 2008 ; médias ; guide ; COJO</subfield>
      <subfield code="9">fre</subfield>
    </datafield>
    <datafield tag="695" ind1="" ind2="">
      <subfield code="a">Olympic Summer Games ; Beijing ; 2008 ; media ; guide ; OCOG</subfield>
      <subfield code="9">eng</subfield>
    </datafield>
    <datafield tag="710" ind1="" ind2="">
      <subfield code="a">Beijing Organizing Committee for the Games of the XXIX Olympiad</subfield>
    </datafield>
    <datafield tag="711" ind1="" ind2="">
      <subfield code="a">Jeux olympiques d'été</subfield>
      <subfield code="c">Pékin</subfield>
      <subfield code="d">2008</subfield>
      <subfield code="n">29</subfield>
    </datafield>
    <datafield tag="919" ind1="" ind2="">
      <subfield code="a">IOC Olympic Studies Centre</subfield>
      <subfield code="b">Lausanne</subfield>
      <subfield code="d">doc.support@rero.ch</subfield>
    </datafield>
    <datafield tag="980" ind1="" ind2="">
      <subfield code="a">BOOK</subfield>
      <subfield code="b">CIO</subfield>
    </datafield>
    <datafield tag="990" ind1="" ind2="">
      <subfield code="a">20141007121033-BY</subfield>
    </datafield>
    <datafield tag="FFT" ind1="" ind2="">
      <subfield code="a">/Users/marietho/Devel/Virtualenvs/rerodoc/src/rerodoc/rerodoc/testsuite/data/record/232390/files/media_guide_beijing_2008_ocog.pdf</subfield>
      <subfield code="r"></subfield>
      <subfield code="d">media guide beijing 2008 ocog</subfield>
      <subfield code="z">order:1</subfield>
      <subfield code="n">media_guide_beijing_2008_ocog.pdf</subfield>
    </datafield>
  </record>