
  <record>
    <datafield tag="035" ind1="" ind2="">
      <subfield code="a">R007901283</subfield>
    </datafield>
    <datafield tag="041" ind1="" ind2="">
      <subfield code="a">fre</subfield>
    </datafield>
    <datafield tag="080" ind1="" ind2="">
      <subfield code="a">55/56</subfield>
    </datafield>
    <datafield tag="100" ind1="" ind2="">
      <subfield code="a">Buffetaut, Eric</subfield>
    </datafield>
    <datafield tag="245" ind1="" ind2="">
      <subfield code="a">Remarques sur les dinosaures oxfordiens de Damparis (Jura) et leur signification paléogéographique</subfield>
      <subfield code="9">fre</subfield>
    </datafield>
    <datafield tag="269" ind1="" ind2="">
      <subfield code="c">1992</subfield>
    </datafield>
    <datafield tag="600" ind1="" ind2="">
      <subfield code="9">650_7</subfield>
      <subfield code="a">Dinosaures</subfield>
      <subfield code="2">rero</subfield>
    </datafield>
    <datafield tag="600" ind1="" ind2="">
      <subfield code="9">650_7</subfield>
      <subfield code="a">Saurischiens</subfield>
      <subfield code="2">rero</subfield>
    </datafield>
    <datafield tag="600" ind1="" ind2="">
      <subfield code="9">650_7</subfield>
      <subfield code="a">Taphonomie</subfield>
      <subfield code="2">rero</subfield>
    </datafield>
    <datafield tag="600" ind1="" ind2="">
      <subfield code="9">650_7</subfield>
      <subfield code="a">Paléoécologie</subfield>
      <subfield code="2">rero</subfield>
    </datafield>
    <datafield tag="600" ind1="" ind2="">
      <subfield code="9">650_7</subfield>
      <subfield code="a">Paléogéographie</subfield>
      <subfield code="2">rero</subfield>
    </datafield>
    <datafield tag="600" ind1="" ind2="">
      <subfield code="9">650_7</subfield>
      <subfield code="a">Oxfordien</subfield>
      <subfield code="2">rero</subfield>
    </datafield>
    <datafield tag="600" ind1="" ind2="">
      <subfield code="9">651_7</subfield>
      <subfield code="a">Jura (France, dpt)</subfield>
      <subfield code="2">rero</subfield>
    </datafield>
    <datafield tag="773" ind1="" ind2="">
      <subfield code="t">Bulletin de la Société géologique de France</subfield>
      <subfield code="g">1992/163/4/521-523</subfield>
      <subfield code="d">Société géologique de France</subfield>
    </datafield>
    <datafield tag="919" ind1="" ind2="">
      <subfield code="a">Bibliothèque cantonale jurassienne</subfield>
      <subfield code="b">Porrentruy</subfield>
      <subfield code="d">doc.support@rero.ch</subfield>
    </datafield>
    <datafield tag="980" ind1="" ind2="">
      <subfield code="a">POSTPRINT</subfield>
      <subfield code="b">BICJ</subfield>
      <subfield code="f">ART_JOURNAL</subfield>
    </datafield>
    <datafield tag="982" ind1="" ind2="">
      <subfield code="a">Collection Paléontologie Jura</subfield>
    </datafield>
    <datafield tag="990" ind1="" ind2="">
      <subfield code="a">20141007120140-ZA</subfield>
    </datafield>
    <datafield tag="FFT" ind1="" ind2="">
      <subfield code="a">/Users/marietho/Devel/Virtualenvs/rerodoc/src/rerodoc/rerodoc/testsuite/data/record/232389/files/PAL_E2618.pdf</subfield>
      <subfield code="r"></subfield>
      <subfield code="d">Texte intégral</subfield>
      <subfield code="z">order:1</subfield>
      <subfield code="n">PAL_E2618.pdf</subfield>
    </datafield>
  </record>