
  <record>
    <datafield tag="035" ind1="" ind2="">
      <subfield code="a">R007901174</subfield>
    </datafield>
    <datafield tag="041" ind1="" ind2="">
      <subfield code="a">fre</subfield>
    </datafield>
    <datafield tag="080" ind1="" ind2="">
      <subfield code="a">616-083</subfield>
    </datafield>
    <datafield tag="100" ind1="" ind2="">
      <subfield code="a">Favre, Jennifer</subfield>
    </datafield>
    <datafield tag="245" ind1="" ind2="">
      <subfield code="a">La violence dans les soins : le caring de Watson comme stratégie permettant le maintien d'une relation transpersonnelle</subfield>
      <subfield code="9">fre</subfield>
      <subfield code="b">travail de Bachelor</subfield>
    </datafield>
    <datafield tag="300" ind1="" ind2="">
      <subfield code="a">59 f.</subfield>
    </datafield>
    <datafield tag="502" ind1="" ind2="">
      <subfield code="a">Mémoire de bachelor : Haute école de santé Genève, 2014</subfield>
      <subfield code="9">2014</subfield>
    </datafield>
    <datafield tag="520" ind1="" ind2="">
      <subfield code="a">Ce travail de Bachelor, effectué selon la modalité d’une revue de littérature, traite de la violence pratiquée par des patients envers des infirmières, dans des unités de soins généraux. Le but de ce travail est d’identifier les facteurs favorisant la violence et de comprendre la philosophie de soin de Watson, afin d’élaborer des stratégies permettant aux infirmières1 de maintenir une relation transpersonnelle de caring avec un patient violent. Pour ce faire, nous avons établi un cadre théorique dans lequel nous développons les multiples formes de violence ainsi que la philosophie du Caring de Watson. Puis, nous avons exposé les résultats de nos lectures d’articles de recherche dont nous retirons différentes stratégies à trois niveaux (avant, pendant et après) pouvant être utilisées dans la gestion d’évènement de violence. Il ressort de ce Bachelor Thesis, un besoin important pour le personnel soignant d’avoir les ressources nécessaires (formation, information, entraînement et soutien) afin d’affronter les épisodes de violence sur leurs lieux de travail et de réduire les conséquences physiques et psychologiques qui peuvent en découler.</subfield>
      <subfield code="9">fre</subfield>
    </datafield>
    <datafield tag="600" ind1="" ind2="">
      <subfield code="9">650_7</subfield>
      <subfield code="a">Violence</subfield>
      <subfield code="2">rero</subfield>
    </datafield>
    <datafield tag="600" ind1="" ind2="">
      <subfield code="9">650_7</subfield>
      <subfield code="a">Soins infirmiers</subfield>
      <subfield code="2">rero</subfield>
    </datafield>
    <datafield tag="600" ind1="" ind2="">
      <subfield code="9">650_7</subfield>
      <subfield code="a">Relations personnel médical-patient</subfield>
      <subfield code="2">rero</subfield>
    </datafield>
    <datafield tag="695" ind1="" ind2="">
      <subfield code="a">Violence ; Soins généraux ; Reations infirmières-patients ; Caring ; Théorie de Watson</subfield>
      <subfield code="9">fre</subfield>
    </datafield>
    <datafield tag="695" ind1="" ind2="">
      <subfield code="a">Violence ; General hospital ; Nurses and patients relations ; Caring ; Watson’s theory</subfield>
      <subfield code="9">eng</subfield>
    </datafield>
    <datafield tag="700" ind1="" ind2="">
      <subfield code="a">Pokou, Perrine</subfield>
    </datafield>
    <datafield tag="700" ind1="" ind2="">
      <subfield code="a">Bourson, Bénédicte</subfield>
      <subfield code="e">Dir.</subfield>
    </datafield>
    <datafield tag="918" ind1="" ind2="">
      <subfield code="a">Haute école de santé Genève</subfield>
      <subfield code="b">Avenue de Champel 47, 1906 Genève</subfield>
    </datafield>
    <datafield tag="919" ind1="" ind2="">
      <subfield code="a">Haute école de santé Genève</subfield>
      <subfield code="b">Genève</subfield>
      <subfield code="d">doc.support@rero.ch</subfield>
    </datafield>
    <datafield tag="980" ind1="" ind2="">
      <subfield code="a">DISSERTATION</subfield>
      <subfield code="b">HEDSGE</subfield>
      <subfield code="f">DISS_BACHELOR</subfield>
    </datafield>
    <datafield tag="990" ind1="" ind2="">
      <subfield code="a">20141007113834-MY</subfield>
    </datafield>
    <datafield tag="FFT" ind1="" ind2="">
      <subfield code="a">/Users/marietho/Devel/Virtualenvs/rerodoc/src/rerodoc/rerodoc/testsuite/data/record/232388/files/Travail_de_Bachelor_Soins_Infirmiers_2014_FAVRE_POKOU_La_violence_dans_les_soins.pdf</subfield>
      <subfield code="r"></subfield>
      <subfield code="d">Texte intégral</subfield>
      <subfield code="z">order:1</subfield>
      <subfield code="n">Travail_de_Bachelor_Soins_Infirmiers_2014_FAVRE_POKOU_La_violence_dans_les_soins.pdf</subfield>
    </datafield>
  </record>