
  <record>
    <datafield tag="035" ind1="" ind2="">
      <subfield code="a">R007901078</subfield>
    </datafield>
    <datafield tag="041" ind1="" ind2="">
      <subfield code="a">fre</subfield>
    </datafield>
    <datafield tag="080" ind1="" ind2="">
      <subfield code="a">616-083</subfield>
    </datafield>
    <datafield tag="100" ind1="" ind2="">
      <subfield code="a">Walker, Zena</subfield>
    </datafield>
    <datafield tag="245" ind1="" ind2="">
      <subfield code="a">L'homme dans les soins</subfield>
      <subfield code="9">fre</subfield>
      <subfield code="b">sa relation avec les patients féminins : travail de Bachelor</subfield>
    </datafield>
    <datafield tag="300" ind1="" ind2="">
      <subfield code="a">44 f.</subfield>
    </datafield>
    <datafield tag="502" ind1="" ind2="">
      <subfield code="a">Mémoire de bachelor : Haute école de santé Genève, 2014</subfield>
      <subfield code="9">2014</subfield>
    </datafield>
    <datafield tag="520" ind1="" ind2="">
      <subfield code="a">Le genre est un aspect omniprésent dans toute relation interpersonnelle, mais les enjeux y relatifs sont d’autant plus importants dans l’univers des soins et à fortiori dans la profession infirmière. En effet, du fait de l’intimité que les soins peuvent présenter, le sexe autant du soignant que du patient peut donner lieu à des aspects relationnels positifs et négatifs. Cette recherche a pour but de mettre en évidence ces différents aspects en traitant plusieurs thématiques comme la communication, le toucher ou encore l’impact de l’identité sexuée. Nous avons choisi de traiter cette problématique en nous intéressant au point de vue des hommes dans les soins ainsi que du ressenti des patients de sexe féminin. A la lumière de différents textes de recherches analysés et au terme de discussions s’y référant, il en ressort que le toucher peut être mal interprété et devenir problématique pour les soignants, que plusieurs arguments peuvent être avancés par des femmes pour expliquer leur refus de se faire soigner par un homme et leur pertinence vis-à-vis de la loi ; de plus, le style de communication d’un homme sera perçu comme étant plus rassurant mais moins empathique, que la sexualité et l’érotisme peuvent avoir des aspects positifs et négatifs dans une relation entre personnes de sexe différent et que l’identité sexuée influence clairement le comportement d’un soignant vis-à-vis des patients.</subfield>
      <subfield code="9">fre</subfield>
    </datafield>
    <datafield tag="600" ind1="" ind2="">
      <subfield code="9">650_7</subfield>
      <subfield code="a">Relations personnel médical-patient</subfield>
      <subfield code="2">rero</subfield>
    </datafield>
    <datafield tag="600" ind1="" ind2="">
      <subfield code="9">650_7</subfield>
      <subfield code="a">Identité sexuelle</subfield>
      <subfield code="2">rero</subfield>
    </datafield>
    <datafield tag="600" ind1="" ind2="">
      <subfield code="9">650_7</subfield>
      <subfield code="a">Relations hommes-femmes</subfield>
      <subfield code="2">rero</subfield>
    </datafield>
    <datafield tag="600" ind1="" ind2="">
      <subfield code="9">650_7</subfield>
      <subfield code="a">Soins</subfield>
      <subfield code="2">rero</subfield>
    </datafield>
    <datafield tag="695" ind1="" ind2="">
      <subfield code="a">Genre ; Infirmier ; Soignants ; Différence ; Sexe, Soins/prise en soin</subfield>
      <subfield code="9">fre</subfield>
    </datafield>
    <datafield tag="695" ind1="" ind2="">
      <subfield code="a">Gender ; Nurse ; Caregivers ; Difference ; Sex ; Care</subfield>
      <subfield code="9">eng</subfield>
    </datafield>
    <datafield tag="700" ind1="" ind2="">
      <subfield code="a">Delétraz, Damien</subfield>
    </datafield>
    <datafield tag="700" ind1="" ind2="">
      <subfield code="a">Badoux, Claudine</subfield>
      <subfield code="e">Dir.</subfield>
    </datafield>
    <datafield tag="918" ind1="" ind2="">
      <subfield code="a">Haute école de santé Genève</subfield>
      <subfield code="b">Avenue de Champel 47, 1906 Genève</subfield>
    </datafield>
    <datafield tag="919" ind1="" ind2="">
      <subfield code="a">Haute école de santé Genève</subfield>
      <subfield code="b">Genève</subfield>
      <subfield code="d">doc.support@rero.ch</subfield>
    </datafield>
    <datafield tag="980" ind1="" ind2="">
      <subfield code="a">DISSERTATION</subfield>
      <subfield code="b">HEDSGE</subfield>
      <subfield code="f">DISS_BACHELOR</subfield>
    </datafield>
    <datafield tag="990" ind1="" ind2="">
      <subfield code="a">20141007111138-SH</subfield>
    </datafield>
    <datafield tag="FFT" ind1="" ind2="">
      <subfield code="a">/Users/marietho/Devel/Virtualenvs/rerodoc/src/rerodoc/rerodoc/testsuite/data/record/232386/files/TB_version_finale.pdf</subfield>
      <subfield code="r"></subfield>
      <subfield code="d">Texte intégral</subfield>
      <subfield code="z">order:1</subfield>
      <subfield code="n">TB_version_finale.pdf</subfield>
    </datafield>
  </record>
  </collection>
